2846 4770
590 396 720 468 4¹4
1098 383 1320 461 Index
1350 405 1579 450 rerum
1619 400 1689 455 et
1721 391 2098 459 verborum.

594 553 899 631 lubens,
944 573 1025 616 an
1058 551 1122 616 ei
1163 550 1462 636 imputari
1503 555 1705 638 possit
1740 556 1979 624 factum
2013 561 2294 628 alienum
2323 561 2359 632 3
2407 566 2560 634 105.

595 638 1012 724 ,Τασιιτᾱίίαρ
1048 638 1173 706 vid.
1212 639 1481 706 Gaudia.

596 724 1074 787 Jucunditatis
1106 725 1399 788 stimulus
1439 725 1571 791 vid.
1617 729 1948 798 Stimulus.

598 809 990 872 Jucundum
1022 810 1256 874 bonum
1293 812 1418 877 vid.
1457 815 1730 881 Bonum.

597 895 849 958 Judex.
899 896 1058 979 Ejus
1094 898 1280 963 dotes
1320 914 1388 962 et
1423 898 1640 965 officia
1672 902 1819 972 625.

594 981 863 1043 Ιαάίσίἱ
900 988 1195 1047 extremi
1235 986 1614 1063 meditatio,
1658 990 1900 1054 utilitas
1951 991 2094 1075 ejus
2133 1009 2206 1058 ,et
2242 994 2484 1060 modus
2533 1022 2670 1086 777.

680 1085 745 1127 n.
794 1079 852 1127 2.
1400 1123 1413 1127 -
2094 1135 2101 1142 .

594 1151 948 1214 „Iudicium
987 1153 1399 1216 temerarium
1437 1156 1520 1221 de
1561 1161 1860 1241 proximo
1895 1181 2225 1247 peccatum
2265 1176 2416 1256 492.
2456 1169 2610 1257 574.

595 1236 770 1299 Jum
807 1236 1155 1318 originaria
1183 1240 1461 1303 hominis
1495 1254 1862 1328 407—410.

592 1321 1071 1385 Juramentum
1092 1366 1110 1396 ,
1143 1325 1683 1406 jurisjurandum:
1721 1335 1861 1413 ejus
1892 1335 2107 1414 notio,
2140 1339 2432 1422 species,
2466 1362 2681 1405 mora·

677 1408 862 1479 litas,
906 1411 1253 1491 requisita,
1299 1414 1643 1499 obligati0‚
1696 1421 1954 1484 violatio
1994 1436 2347 1513 291—294.
2391 1438 2541 1503 441.

590 1528 680 1540 —-
765 1526 853 1540 —-
937 1497 1258 1579 exigentis
1295 1516 1364 1562 et
1394 1507 1780 1586 praestantis
1820 1506 2038 1574 officia
2070 1527 2215 1600 ²9²·
2253 1533 2318 1576 n.
2355 1512 2421 1578 3.

593 1581 833 1644 Juratz·
871 1581 1039 1664 pacti
1086 1587 1180 1647 vis
1206 1596 1353 1662 441.
1881 1645 1884 1650 f

591 1665 791 1729 Juris
842 1667 1229 1753 principium
1284 1694 1678 1758 supremum.
1721 1680 1952 1757 Notio,
1994 1680 2521 1762 fundamentum,
2571 1707 2678 1751 va-

677 1751 812 1813 riae
847 1752 928 1816 de
969 1776 1052 1818 eo
1087 1763 1448 1824 sententiae
1495 1766 1851 1853 129—135.

598 1849 1173 1930 Iuris-prudentia
1208 1848 1651 1915 ecclesiastica
1674 1897 1693 1925 ,
1737 1853 2378 1930 ethicaesubsidium
2412 1859 2526 1946 59.

532 1947 541 1968 ⁴
593 1934 726 1998 Jus
762 1935 1203 2017 aequalitatis,
1239 1934 1485 1998 liberae
1522 1939 1889 2019 activitatis,
1929 1941 2270 2018 libertatis,
2311 1945 2677 2027 personali-

675 2019 862 2094 tatis,
909 2020 1348 2096 defensionis,
1394 2022 1833 2089 indemnitatis
1871 2049 1973 2112 70.
2013 2045 2075 2093 n.
2120 2040 2266 2105 407.
2305 2053 2448 2115 sqq.

586 2140 675 2153 -
721 2107 881 2186 Ejus
915 2109 1098 2171 notio
1139 2126 1206 2173 et
1240 2107 1416 2170 varia
1457 2109 1733 2189 divisio,
1779 2116 2033 2199 species
2076 2116 2216 2182 126.
2253 2138 2347 2202 sq.
2393 2113 2544 2194 406.
2609 2175 2612 2178 .

588 2193 906 2257 Justitia.
975 2196 1137 2278 Ejus
1171 2195 1393 2270 notio,
1441 2195 1674 2262 divisio
1726 2222 1781 2263 e.
1825 2222 1887 2284 g.
1936 2202 2365 2280 attribuitrix,
2414 2222 2677 2266 conser-

671 2277 916 2353 vatrix,
965 2283 1326 2365 expletrix,
1372 2287 1859 2360 commutantia,
1908 2289 2315 2354 distributiva
2354 2290 2498 2355 128.

584 2394 674 2411 —-
755 2399 844 2411 -—
931 2369 1318 2431 universalis
1351 2368 1553 2449 quid?
1609 2372 1745 2446 145,
1787 2394 1849 2433 n.
1888 2374 1948 2442 5,
2353 2394 2358 2396 ’

582 2485 673 2496 --
755 2482 842 2497 -
930 2474 1086 2534 erga
1123 2475 1192 2516 se
1232 2454 1482 2534 ipsum:
1529 2454 1670 2536 ejus
1706 2474 1925 2542 partes
1962 2462 2111 2552 519.

584 2546 924 2608 Juvenum
968 2536 1186 2603 officia
1218 2537 1583 2626 678—680.

1576 2674 1663 2748 L.

560 2797 840 2866 Labor,
883 2789 1259 2856 Laborandi
1295 2789 1585 2856 officium
1624 2806 1693 2858 et
1733 2799 1960 2863 modus
1996 2801 2142 2889 573.
2190 2814 2301 2887 sq,

583 2883 895 2944 Labores
930 2879 1263 2952 serviles,
1310 2881 1641 2963 quomodo
1677 2883 1746 2945 in
1782 2885 1887 2950 dio
1922 2887 2093 2953 festo
2130 2892 2313 2956 vetiti
2349 2908 2495 2980 290.

580 2968 836 3029 Lae-sio
881 2965 1035 3049 quid
1074 2964 1158 3026 sit
1195 2973 1346 3039 412.
1667 3022 1675 3030 ,
2111 3046 2115 3050 ⁴

578 3053 834 3114 Laeslo
875 3051 1174 3134 corporis
1206 3051 1636 3115 restitutionis
1663 3054 1920 3120 inducit
1956 3061 2419 3147 obligationem
2454 3066 2613 3156 569.

577 3139 915 3200 Laesioni
949 3152 1378 3221 cooperantes
1413 3161 1543 3222 quo
1583 3143 1812 3205 ordine
1837 3148 2187 3212 restituere
2215 3151 2670 3230 debeant481.

576 3223 955 3284 Laio-orum
999 3245 1154 3308 erga
1197 3224 1473 3315 clericos
1513 3241 1579 3288 et
1615 3243 1910 3312 pastores
1944 3232 2164 3298 officia
2201 3237 2353 3324 674.
2388 3260 2532 3325 sqq.

578 3307 822 3369 Lectio
867 3306 1184 3372 librorum
1214 3310 1345 3374 vid.
1380 3311 1586 3374 Libri.

576 3423 663 3441 —-
745 3424 832 3439 —
919 3392 1205 3471 ludicra,
1248 3398 1570 3481 jucunda,
1615 3400 1802 3463 crisis
1836 3402 1917 3466 de
1962 3401 2076 3464 illa
2114 3404 2262 3473 586.

576 3512 663 3525 —
749 3513 838 3524 —
924 3502 979 3540 s.
1015 3487 1404 3566 scripturae
1442 3500 1508 3548 et
1528 3487 1783 3569 piorum
1812 3487 2130 3552 librorum
2166 3513 2414 3558 summe
2447 3493 2669 3574 utilis3

661 3563 890 3624 modus
923 3566 1063 3643 ejus
1093 3569 1241 3648 775.
2044 3608 2049 3617 ·

575 3659 995 3721 Lectoratus
1031 3669 1097 3717 et
1141 3655 1462 3719 lectorum
1502 3658 1716 3722 officia
1753 3662 1902 3738 654.

575 3744 944 3826 Legalitas
984 3742 1253 3806 actionis
1290 3744 1497 3828 quid?
1545 3745 1605 3811 8.
1645 3770 1712 3820 ῃ,
1769 3770 1817 3812 ι.
1860 3766 1921 3818 2.

575 3829 863 3911 Legalis
897 3831 1066 3892 actio
1093 3825 1157 3892 8.
1193 3851 1257 3889 n.
1304 3854 1358 3900 1.
1395 3847 1456 3897 2.
1872 3846 1875 3851 ’

498 3956 502 3960 Α
574 3914 846 3997 Legata
887 3925 1033 4001 472.

573 3999 1092 4081 Legislotoriae
1104 4002 1443 4083 potestatis
1464 4026 1682 4069 sacrae
1703 4018 1767 4067 et
1779 4007 2081 4086 politicae
2099 4007 2332 4075 abusus
2352 4036 2386 4097 7
2404 4016 2656 4102 ¹9⁴730·

573 4083 789 4167 Legis
827 4088 1137 4150 naturalis
1176 4088 1592 4169 characteres
1626 4092 1729 4178 89.
1771 4115 1834 4156 n.
1874 4119 1926 4156 1.

570 4178 679 4214 -'
741 4201 823 4261 -3-
912 4174 1225 4236 humanae
1271 4168 1622 4260 requisita,
1688 4178 1964 4267 effectus
2009 4196 2077 4246 et
2122 4184 2472 4269 obligatio,
2516 4187 2663 4249 sub-

667 4268 943 4356 jectum,
988 4261 1216 4324 modus
1247 4260 1601 4347 implendi,
1644 4265 2139 4355 interpretatio,
2184 4273 2481 4350 collisio,
2525 4295 2668 4338 ces·

675 4353 838 4400 841th
874 4365 972 4429 91.
1007 4368 1070 4432 9.
