2846 4770
505 411 630 478 260
643 411 755 475 De
772 411 1017 474 christ.
1032 411 1277 474 virtut.
1290 407 1874 493 perfectionisque
1896 408 2260 471 subsidiis.
2289 404 2475 470 Seet.
2499 406 2607 477 11.

499 584 689 659 ritus
730 610 789 660 s.
835 581 1064 683 gratia
1109 579 1203 653 ad
1243 580 1467 655 fidem
1509 578 1908 667 tenendam
1946 578 2606 680 profitendamque

504 689 854 789 cuiquam
890 686 1115 793 fuerit
1151 687 1571 760 necessaria
1608 682 1706 781 ²¹¹²)ss

573 833 652 921 ¹⁴⁵)
699 834 844 897 Etsi
879 853 1041 896 vero
1075 832 1275 897 hodie
1320 845 1646 898 eruentae
1686 844 1911 903 contra
1951 829 2149 892 fidem
2188 827 2604 912 persecutio-

670 943 791 985 nes
839 919 996 981 fidei
1039 934 1301 983 nostrae
1351 941 1485 982 non
1534 917 1955 981 minitentur:
2017 917 2084 977 in
2141 931 2314 979 tanta
2378 933 2604 978 tamen

670 1008 1014 1072 irrisorum
1048 1006 1439 1070 christianae
1494 1005 1837 1089 religionis
1874 1018 1944 1067 et
1974 1004 2289 1065 librorum
2329 1003 2606 1087 religio·

673 1116 825 1159 nem
870 1093 1382 1178 impugnantium
1432 1093 1653 1176 copia,
1717 1092 1890 1154 inter
1948 1105 2045 1153 tot
2102 1090 2408 1154 vitiorum
2474 1090 2606 1154 illi·

679 1182 822 1254 cia,
869 1195 937 1244 et
981 1181 1149 1245 vitae
1190 1180 1545 1264 virtutique
1602 1178 1986 1241 christianae
2039 1199 2076 1241 c
2114 1177 2433 1240 diametro
2492 1198 2609 1260 op·

659 1267 889 1354 *posita
937 1268 1235 1352 exempla
1285 1265 1649 1350 specialem
1693 1270 2037 1348 gratiam,
2098 1287 2220 1349 qua
2278 1264 2360 1333 ad
2402 1263 2608 1326 fidem

677 1354 1090 1429 christinam
1125 1377 1258 1417 non
1313 1352 1524 1414 solum
1575 1372 1691 1414 ore
1741 1348 2204 1435 profitendam,
2250 1351 2367 1414 sed
2406 1348 2609 1413 mori-

670 1441 793 1505 bus
839 1440 1133 1526 inprimis
1193 1438 1540 1504 tenendam
1599 1438 2028 1512 roboremur,
2090 1437 2236 1500 sore
2298 1459 2606 1500 necessa-

673 1528 838 1590 riam
861 1572 879 1603 ,
924 1529 1068 1613 quis
1103 1527 1351 1593 inficias
1388 1526 1631 1589 iverit?
1678 1523 1764 1590 cf.
1807 1523 2391 1589 Schwarzhueber
2421 1527 2498 1590 P.
2527 1524 2604 1593 C.

670 1614 1258 1701 Religionshaudb.
1299 1635 1364 1697 p.
1400 1614 1487 1677 II.
1514 1613 1580 1691 .§.
1621 1610 1764 1699 169.

1407 1752 1473 1844 §.
1534 1753 1683 1839 748.

505 1887 572 1974 4)
603 1888 1129 1971 Dispositiones
1153 1888 1246 1950 ad
1277 1890 1411 1950 rite
1435 1885 1948 1968 suscipiendam
1984 1881 2604 1969 confirmationem.
2652 1889 2657 1897 “

707 2015 1084 2115 Equidem
1141 2017 1571 2114 quicunque
1620 2013 2039 2115 baptizatus
2097 2002 2602 2113 hujus'sacra·

500 2120 729 2195 menti
775 2120 1195 2223 recipiendi
1244 2146 1481 2219 capax
1528 2136 1678 2212 est,
1736 2147 1962 2217 quum
2013 2118 2193 2191 olim
2257 2122 2599 2219 episcopi

499 2223 914 2301 solenniter
943 2225 1408 2325 baptizantes
1448 2247 1630 2300 mox
1667 2240 1840 2323 post
1875 2223 2334 2322 baptismum
2373 2226 2601 2297 etiam

496 2326 908 2405 infantibus
977 2328 1647 2402 confirmationem
1726 2326 2379 2405 administrarint:
2466 2355 2605 2429 per

496 2435 942 2509 hodiernam
984 2448 1231 2504 tamen
1284 2429 1644 2505 ecclesiae
1690 2430 2166 2533 disciplinam
2213 2433 2602 2530 utriusque

498 2538 948 2612 sacramenti
996 2534 1297 2611 collatio
1359 2562 1398 2607 a
1437 2561 1514 2608 se
1568 2537 1938 2635 disjuncta
1988 2556 2136 2637 est3
2191 2564 2334 2610 nec
2371 2537 2602 2636 vulgo

500 2643 647 2716 nisi
686 2641 996 2714 rationis
1037 2668 1251 2714 usum
1296 2640 1552 2740 adepti
1596 2641 1689 2713 ad
1739 2659 2285 2714 sacramentum
2332 2645 2604 2714 confir-

496 2746 849 2820 mationis
908 2745 1441 2837 admittuntur,
1511 2760 1595 2816 ut
1654 2743 1731 2816 id
1802 2748 2062 2842 majori
2120 2771 2287 2820 cum
2353 2746 2606 2819 fructu

500 2867 576 2924 et
612 2851 767 2923 xrite
826 2850 1168 2950 dispositi
1222 2848 1617 2948 recipiant.
1694 2851 2130 2946 Requisitae
2187 2865 2434 2921 autem
2505 2852 2605 2924 ad

500 2957 657 3055 ejus
710 2955 1265 3053 susceptionem
1321 2953 1862 3050 dispositiones
1900 2958 2385 3051 praecipuae
2427 2980 2604 3028 cen-

495 3076 797 3153 sentus,
851 3074 934 3130 ut

710 3159 782 3258 1)
841 3156 1414 3235 Confirmandus
1480 3186 1637 3235 non
1695 3159 1927 3235 modo
1991 3160 2089 3233 sit
2144 3158 2602 3261 baptizatus,

501 3263 636 3337 sed
669 3262 892 3364 vulgo
943 3264 1344 3368 septimum
1373 3265 1652 3338 aetatis
1700 3290 1977 3338 annum
2022 3268 2170 3363 jam
2232 3267 2601 3364 attigerit3

502 3372 577 3458 2)
651 3393 689 3439 a
763 3368 1128 3466 'gravioris
1201 3369 1494 3465 peccati
1564 3386 1775 3448 reatu
1852 3371 2204 3443 immunis
2281 3373 2606 3447 existatt

498 3472 724 3573 proin
766 3472 1055 3572 peccati
1125 3469 1288 3543 talis
1341 3469 1485 3544 sibi
1537 3473 1691 3547 sors
1746 3463 2141 3567 ·consciu5‚
2195 3474 2344 3547 nisi
2387 3476 2597 3574 prius

497 3602 638 3677 per
674 3574 1184 3676 poenitentiae
1229 3591 1482 3670 actus,
1520 3594 1701 3669 aut,
1758 3580 1820 3651 si
1875 3579 2091 3677 copia
2149 3603 2302 3649 non
2354 3579 2600 3671 desit,

469 3695 1052 3769 „sacramentum
1109 3696 1509 3778 purgatus,
1563 3682 1925 3755 accedere
1982 3679 2462 3781 prohibetur3
2515 3681 2602 3778 3)

499 3783 579 3856 in
650 3784 828 3858 fidei
902 3782 1349 3856 christianae
1422 3784 1867 3883 morumque
1947 3783 2417 3883 dogmatibus
2493 3803 2605 3858 at·

503 3913 647 3985 que
700 3888 1139 3988 praesertim
1203 3886 1302 3968 de*
1351 3887 1939 3961 confirmationis
1992 3891 2263 3962 virtute
2327 3914 2601 3990 scopo-

503 4016 650 4088 que
689 3993 832 4064 rite
893 3992 989 4065 sit
1022 3992 1469 4077 instructus;
1526 3998 1600 4080 4)
1648 4019 1783 4092 per
1837 4019 2145 4092 prece3‚
2200 4019 2338 4092 per
2379 4021 2603 4093 repe-

500 4094 678 4169 titos
730 4094 948 4188 fidei,
1005 4096 1349 4195 inprimis
1419 4095 1513 4169 de
1573 4096 1789 4198 hujus
1841 4097 2284 4170 sacramenti
2346 4097 2601 4171 effica-

499 4197 619 4274 cia
671 4217 1124 4300 conceptae,
1197 4199 1512 4301 apeique
1568 4226 1656 4276 ac
1711 4200 2098 4277 charitatis
2150 4217 2399 4295 actuS,
2451 4229 2598 4302 per
