2846 4770
559 379 633 430 η
714 366 717 371 '
846 367 956 431 De
995 367 1250 456 officiis
1291 381 1637 449 cereorum
1674 381 2006 453 statuum.
2035 349 2228 434 'Sec-t.
2262 369 2321 452 Ι.ε

722 559 800 620 ea
843 538 1267 613 contrahendi
1308 562 1537 618 cauca,
1581 541 1883 630 quamdiu
1925 539 2147 603 illassin
2183 538 2462 626 raptori·
2508 560 2624 624 po-

721 639 953 688 testate
991 642 1302 695 remanet.

804 769 885 829 11·
929 771 1032 839 Ex
1069 774 1336 856 defi-ctu
1374 776 1720 843 libertatis
1757 768 2223 833 matrimonium
2263 767 2617 831 invalidum

718 854 1000 918 reddunt
1048 854 1096 935 ι)
1138 874 1368 924 votum
1406 861 1711 940 solenne,
1761 881 1876 921 seu
1913 879 2030 940 per
2062 857 2331 923 validam
2363 858 2427 917 in
2465 855 2619 916 reii-

721 943 906 1023 gioso
955 942 1182 1006 ordine
1228 948 1304 1007 ab
1351 947 1628 1011 ecclesia
1677 947 1946 1027 probato
1992 943 2220 1005 factam
2264 942 2618 1027 professio-

718 1048 869 1089 nem
904 1030 1402 1113 solennisatum3
1456 1033 1517 1115 2)
1556 1035 1721 1094 ordo
1758 1055 1975 1106 sacer,
2024 1031 2249 1092 saitem
2286 1029 2622 1090 subdiaco-

716 1128 900 1175 natus
948 1131 1054 1177 aut
1101 1117 1305 1183 libere
1348 1126 1702 1202 'susceptus'
1750 1133 1855 1178 aut
1905 1117 2107 1177 libere
2156 1117 2463 1197 deinceps
2510 1136 2621 1174 ex·-

718 1202 1015 1278 ercitu33'
1059 1201 1122 1285 5)
1170 1206 1505 1289 ligamen,
1569 1226 1683 1266 seu
1729 1203 2055 1265 vinculum
2099 1206 2361 1283 prioris
2405 1201 2618 1260 matri-

715 1290 915 1348 monii
961 1288 1094 1350 sive
1142 1295 1601 1356 consummati
1644 1291 1778 1353 sive
1827 1292 1966 1351 rati
2011 1288 2253 1361 solum,
2318 1287 2437 1349 nisi
2484 1289 2616 1347 lzoe

712 1372 852 1434 fors
889 1396 1007 1457 per
1042 1374 1306 1440 alterius
1341 1378 1815 1461 professionem
1851 1375 2243 1459 religiosam,
2287 1374 2470 1438 illud
2491 1393 2611 1455 per

713 1476 989 1523 mortem
1025 1462 1317 1547 conjugis
1356 1466 1556 1528 fuerit
1595 1465 1898 1526 solutum.

800 1603 914 1666 111.
964 1604 1068 1667 Ob
1115 1607 1923 1690 defectum-habilitatis,
1972 1625 2085 1666 scu
2135 1603 2219 1665 ob
2259 1600 2626 1662 inhabilita-

715 1701 845 1750 tem
893 1691 993 1751 vel
1042 1713 1078 1751 a
1134 1709 1358 1754 natura
1405 1710 1610 1756 ortam
1668 1697 1774 1755 vel
1822 1716 1853 1753 a
1903 1693 2051 1775 lege
2107 1689 2427 1751 inductam
2473 1687 2623 1747 irri-

715 1789 850 1836 tum
898 1773 1192 1838 efficiunt
1228 1781 1702 1842 matrimonium
1758 1781 1816 1866 1)
1862 1781 2264 1860 impotentia
2304 1774 2381 1835 ad
2427 1793 2623 1855 copu-

712 1861 840 1921 lam
880 1864 1201 1925 carnalem
1239 1871 1669 1941 antecedens,
1712 1877 2066 1949 perpetua,
2115 1876 2305 1944 atque
2341 1861 2400 1943 a)
2424 1861 2616 1922 abso-

711 1943 863 2009 lata
896 1949 1156 2028 quidem
1191 1967 1497 2032 respectu
1533 1953 1853 2029 omnium3
1904 1946 1966 2030 b)
2006 1949 2387 2030 respectiva
2423 1945 2617 2005 ratio·

707 2052 792 2093 ne
854 2033 1032 2095 illius
1093 2035 1300 2096 solum
1358 2059 1720 2119 personae,
1788 2044 1932 2098 cuni
1978 2054 2100 2114 qua
2149 2033 2466 2114 compleri
2514 2051 2620 2091 co·

708 2117 861 2200 pula
908 2123 1151 2203 nequit.
1218 2123 1282 2203 2)
1335 2125 1553 2189 Aetas
1590 2128 1961 2187 immatura
2003 2120 2067 2178 in
2112 2120 2421 2180 masculo
2467 2138 2621 2200 qua·
2689 2194 2698 2199 ἱ

707 2205 1103 2279 tuordecim‚
1166 2208 1228 2268 in
1259 2213 1590 2292 faemina¹
1625 2209 1967 2271 duodecim
2015 2203 2197 2267 annis
2240 2204 2487 2288 minor,
2551 2202 2619 2262 ni

708 2294 1033 2374 pubertati
1078 2295 1205 2356 sint
1249 2297 1545 2378 proximi.
1611 2294 1678 2378 5)
1736 2296 1998 2358 Crimen
2062 2290 2300 2373 triplex
2361 2291 2441 2351 ad
2504 2289 2618 2350 ho·

709 2379 915 2442 mines
961 2383 1040 2444 ab
1086 2405 1166 2445 eo
1213 2383 1676 2448 absterrendos
1722 2377 2192 2443 matrimonium
2250 2377 2425 2438 inter
2478 2376 2620 2457 ejus

694 2468 1076 2545 complices
1113 2470 1327 2532 reddit
1362 2470 1638 2542 irritum,
1684 2490 1922 2550 nempe
1959 2470 2017 2547 a)
2050 2462 2151 2526 vel
2190 2462 2618 2523 adulterium

614 2607 621 2614 .
711 2552 977 2630 solam,
1040 2577 1120 2618 ex
1169 2573 1438 2641 utraque
1477 2557 1737 2641 quidem
1780 2569 1961 2637 parte
2005 2548 2275 2611 formate
2330 2566 2448 2607 seu
2503 2565 2614 2607 co-

711 2636 991 2719 gnitum,
1039 2643 1211 2728 quod
1250 2646 1504 2708 vivente
1527 2637 1773 2705 'eodem
1814 2639 2103 2721 legitime
2142 2632 2419 2714 conjuge
2458 2651 2615 2694 eon·

706 2722 993 2804 junctum
1054 2728 1256 2792 fuerit
1312 2731 1416 2795 vel
1478 2751 1622 2792 cum
1686 2739 1995 2790 attentato
2041 2734 2614 2799 consummatoque

707 2815 1148 2890 matrimonio,
1208 2818 1431 2903 utique
1468 2816 1789 2890 invalido,
1857 2812 1957 2877 vel
1997 2803 2613 2887 cumpromisqione

703 2894 906 2958 futuri
951 2903 1337 2968 matrimonii
1381 2905 1460 2966 ab
1505 2904 1709 2966 altera
1768 2916 1949 2984 parte
1996 2889 2467 2975 quodammodo
2513 2910 2617 2950 ac·

708 2999 996 3064 ceptam,
1060 3013 1182 3054 nec
1238 2990 1838 3054 ante‘adulterium
1902 2978 2077 3041 serio
2138 2990 2479 3053 revocata3
2546 2974 2612 3059 h)

706 3071 812 3132 vel
850 3078 1092 3135 caedes
1123 3079 1279 3135 sola
1300 3071 1618 3150 conjugis,
1656 3072 1951 3130 duorum
1975 3062 2364 3125 contrahere
2393 3061 2616 3123 velen-‘-

709 3152 866 3212 tium
910 3175 1245 3218 consensu
1291 3167 1669 3238 perpetrata
1714 3163 2138 3235 procuratave
2186 3170 2267 3210 eo
2314 3146 2477 3220 fine,
2541 3162 2613 3210 ut

705 3236 957 3315 nuptias
996 3238 1171 3301 inter
1210 3263 1279 3303 se
1323 3233 1714 3301 contrahere
1754 3238 2035 3311 valeant3
2095 3235 2197 3298 vel
2239 3237 2298 3311 c)
2341 3234 2609 3296 adulte·

707 3325 887 3383 rium
908 3336 975 3383 et
995 3326 1535 3409 coniugio-idiunt
1560 3325 1797 3402 simul,
1840 3323 1894 3383 si
1921 3322 2153 3386 caedes
2190 3321 2266 3383 ab
2291 3320 2609 3394 alterutro

704 3404 1180 3485 adulterorum,
1228 3411 1351 3492 etsi
1388 3412 1597 3473 altero
1643 3411 2020 3496 ignorante,
2082 3410 2164 3469 sit
2203 3422 2419 3489 parata
2455 3426 2616 3488 pno-

707 3506 1006 3556 curatave
1044 3517 1135 3557 ‘eo
1183 3497 1346 3572 fine,
1410 3512 1480 3560 ut
1523 3519 1666 3560 cum
1713 3497 2117 3559 adulterante
2181 3494 2344 3554 inire
2393 3492 2612 3552 matri-

705 3578 990 3643 monium
1042 3584 1270 3647 valeat.
1337 3586 1404 3665 4)
1456 3585 1789 3667 Cognatio
1838 3584 2010 3645 inter
2054 3601 2362 3664 personas
2407 3593 2607 3639 natu-

708 3662 977 3743 raliter,
1026 3673 1524 3750 spiritualiter,
1571 3667 1891 3752 legaliter
1924 3681 2259 3752 cognatas;
2304 3664 2608 3725 nimirum

707 3746 769 3831 a)
813 3758 1138 3832 cognatio
1187 3756 1533 3818 naturalis
1577 3776 1693 3815 seu
1753 3754 2272 3838 consanguinitas
2332 3768 2465 3812 tum
2522 3750 2608 3809 ad

707 3837 1081 3898 servandam
1118 3842 1516 3925 parentelae
1547 3846 2021 3920 reverentiam,
2061 3856 2188 3903 tum
2204 3840 2289 3900 'ad
2315 3839 2609 3898 diversas

689 3924 1020 4007 fizmilias
1041 3928 1318 3989 arctiore
1353 3926 1701 4010 sanguini&
1738 3928 1972 3989 amoris
1998 3927 2441 4009 amicitiaeque
2472 3922 2610 3983 vin-

707 4006 856 4067 culo
876 4011 1284 4092 jungendas,
1325 4027 1454 4074 tum
1477 4012 1769 4094 inprimis
1803 4012 1875 4074 ad
1899 4016 2393 4091 praecavenda,
2414 4029 2606 4087 cuae

708 4113 790 4153 ex
834 4091 1161 4162 familiari
1191 4114 1636 4183 perpetuaque
1691 4099 2163 4162 cohabitatione
2225 4112 2293 4160 et
2337 4115 2611 4160 consue·

715 4177 937 4248 tudine
976 4188 1640 4272 consanguineorum,
1703 4184 1759 4250 οἱ
1796 4204 1910 4252 σοι
1948 4186 2120 4272 inter
2156 4183 2422 4269 nuptiae
2456 4202 2611 4245 cona-
