2846 4770
518 331 610 425 48
794 420 797 423 Ἴ
838 334 946 401 De
984 330 1247 422 officiis
1283 339 1629 399 certorum
1664 340 1999 396 statuum.
2039 327 2218 394 ὅσοι.
2253 331 2314 394 Ι.
2379 368 2382 375 -

525 525 679 600 ant,
720 533 980 581 eorum
1005 502 1223 578 saluti
1244 503 1582 602 corporis
1608 502 2046 603 animaeque
2072 503 2492 594 intendant,
2529 522 2615 578 ut

525 614 615 686 iis
647 611 1070 685 nullatenus
1093 606 1444 682 scandalo
1468 608 1640 700 sint,
1682 635 1822 701 neo
1845 611 1938 680 ad
1965 610 2242 681 malum
2273 610 2615 688 ullomo-

528 719 628 790 do
668 721 758 789 iis
805 739 1111 816 operam
1165 739 1371 787 suam
1414 714 2025 795 accommodent;
2097 714 2233 785 sed
2286 715 2615 788 obtesta-

526 823 855 895 tionibus
899 819 1350 915 monitisque
1398 844 1437 888 a
1479 818 1800 916 peccatis
1847 816 2271 909 retrahere,
2346 835 2420 890 et
2466 820 2610 890 nisi

527 955 611 1006 ea
700 923 1212 1013 emendarint,
1306 940 1699 1021 parentum
1790 948 2087 1020 quoque
2166 923 2608 995 auctoritate

530 1030 834 1105 eosdem
875 1026 1257 1099 emendari
1295 1042 1597 1118 curent3
1639 1026 1712 1114 8)
1741 1031 1984 1120 paci-5,
2021 1027 2490 1116 concordiae
2530 1040 2624 1099 et.

528 1133 1044 1234 officiositatis
1069 1157 1166 1203 ac
1180 1135 1660 1226 praecipuae
1688 1128 2100 1202 charitatis
2125 1131 2467 1203 studium
2486 1157 2607 1204 re-

478 1232 485 1236 ⁴
526 1254 795 1335 spectu
816 1236 1137 1309 aliorum
1162 1258 1704 1307 conservorum
1724 1233 2294 1326 observandum,
2320 1252 2401 1307 ut
2421 1236 2611 1307 adeo

530 1342 793 1433 officia,
839 1366 1025 1439 quae
1052 1340 1209 1411 aliis
1238 1336 1582 1411 omnibus
1617 1334 1971 1410 exhibere
2001 1337 2442 1437 obligantur,
2487 1340 2608 1411 his
2661 1366 2668 1371 ’

531 1448 786 1544 utique
830 1444 1135 1517 arctiori
1193 1445 1524 1540 ejusdem
1572 1440 1899 1514 familiae
1946 1467 2032 1514 ac
2075 1444 2360 1515 servitii
2404 1470 2606 1514 nexu
2690 1435 2698 1443 ⁹

531 1577 781 1625 secum
831 1549 1250 1646 conjunctis
1304 1545 1692 1640 singulari
1730 1546 1957 1618 modo
2001 1548 2246 1644 quoad
2294 1545 2608 1619 salutem

536 1656 824 1727 animae
859 1667 935 1724 et
972 1652 1337 1749 eorporis,
1381 1648 1634 1745 quoad
1660 1646 1861 1720 bona
1884 1651 2124 1723 famae
2163 1668 2233 1724 et
2269 1652 2640 1728 fortunae=

530 1773 932 1860 praestent,
973 1773 1046 1829 et
1072 1757 1160 1855 ab
1185 1752 1723 1844 omniinvidia,
1767 1753 2287 1845 aemulatione,
2328 1755 2608 1828 susurri

536 1860 1171 1957 deu-actionisque
1216 1859 1396 1931 vitio
1433 1855 1581 1928 sibi
1617 1855 1940 1933 sollicite
1981 1877 2313 1934 caveant.

619 2018 683 2102 ⁴⁵)
737 2021 795 2102 1)
844 2018 988 2081 Etsi
1047 2015 1291 2079 domini
1343 2015 1564 2101 inique
1610 2026 1835 2103 agant,
1899 2017 2010 2104 qui
2053 2019 2224 2085 forte
2287 2016 2370 2084 de
2413 2015 2619 2083 mino·-

698 2127 813 2181 re,
859 2126 1049 2189 quam
1088 2109 1250 2182 iusta
1293 2104 1409 2177 sit,
1452 2106 1759 2169 mercede
1804 2127 1945 2167 cum
1983 2107 2621 2191 famulispaeiscun-

702 2209 813 2257 tur
858 2190 940 2278 (§.
988 2190 1199 2271 602.)2
1264 2206 1478 2255 tamen
1535 2190 1595 2274 a)
1660 2193 1979 2278 siquidem
2042 2197 2106 2257 hi
2164 2194 2230 2255 in
2292 2216 2401 2257 eas
2461 2215 2620 2258 eon-

704 2281 986 2343 ditiones
1027 2277 1522 2353 consenserint,
1567 2279 1800 2342 iisdem
1839 2294 2013 2351 stare
2054 2282 2460 2364 obligantur3
2506 2296 2626 2344 aut

698 2366 770 2448 b)
817 2367 871 2427 si
917 2388 986 2428 se
1046 2379 1343 2448 gravatos
1391 2365 1699 2440 credant,
1762 2379 1831 2430 et
1874 2367 2133 2432 labores
2178 2368 2344 2429 ultra
2390 2367 2630 2438 alimoz

700 2455 847 2516 niae
904 2451 1334 2515 eomercedis
1393 2475 1756 2516 mensuram
1814 2455 2090 2534 majores
2150 2453 2618 2535 experiantur,

699 2538 1008 2621 legitimis
1053 2539 1173 2601 viis
1215 2540 1313 2612 ius
1362 2560 1543 2601 suum
1583 2555 2095 2622 prosequantur3
2155 2560 2277 2601 nec
2313 2538 2374 2620 c)
2417 2539 2616 2602 clan-

706 2626 980 2690 culm-ia
998 2628 1486 2711 satisfactione
1510 2641 1635 2688 aut
1655 2631 2208 2706 compensatione
2231 2621 2318 2712 (§.
2343 2624 2491 2698 485.
2517 2628 2614 2708 n.)

703 2714 801 2778 uti
829 2728 1130 2796 possunt,
1171 2726 1396 2795 utpote
1429 2732 1595 2795 quae
1631 2725 1905 2794 propter
1934 2713 2172 2774 amoris
2207 2712 2458 2794 proprii
2481 2731 2620 2773 om-

686 2801 827 2864 nia·
851 2798 1306 2884 exaggerantis
1346 2798 1604 2870 vitium,
1635 2798 1841 2882 ¹quod
1880 2798 2179 2883 irrepere
2221 2799 2413 2860 facile
2460 2818 2613 2880 pos-

628 2941 635 2946 .
701 2889 819 2960 sit,
884 2888 995 2948 abs
1047 2887 1212 2970 pacti
1274 2885 1623 2950 violatione
1683 2900 1751 2947 et
1799 2884 1958 2947 citra
2017 2885 2346 2964 societatis
2393 2884 2624 2946 huma-v

697 2997 853 3049 nae,
898 2973 1283 3037 familiarum
1312 2994 1398 3035 ,ae
1445 2971 1845 3054 reipublicae
1882 2969 2339 3033 detrimentum
2386 2969 2611 3032 admit-

696 3063 749 3123 ti
790 3062 1016 3143 nequit
1061 3062 1176 3138 75),
1243 3059 1546 3122 Ceterum
1595 3058 1658 3129 2)
1704 3054 1958 3115 famulis
1994 3054 2481 3137 famulabusque
2522 3057 2607 3120 (le

618 3153 621 3156 ’
695 3146 884 3207 bonis
935 3145 1341 3203 dominorum
1396 3138 1500 3200 his
1557 3138 1773 3199 invitis
1834 3140 2224 3223 disponere,
2290 3165 2365 3207 ea
2411 3144 2608 3206 etiam

698 3227 1091 3312 pauperibus
1133 3228 1414 3297 donare,
1476 3223 1715 3286 nedum
1753 3223 1820 3286 in
1860 3249 2011 3290 suos
2063 3239 2611 3295 suorumve-usus

697 3327 1089 3375 convertere
1147 3310 1330 3373 nefas
1385 3324 1505 3380 est.
1574 3312 1851 3374 Demum
1898 3313 2096 3394 3).de
2155 3317 2347 3380 furtis
2403 3317 2613 3378 minu.

697 3402 804 3466 tis.
849 3420 1012 3482 quae
1048 3422 1080 3460 a
1113 3397 1369 3460 famulis
1406 3397 1794 3482 quandoque
1836 3397 1986 3461 fierit
2018 3404 2253 3476 solent,
2303 3402 2607 3488 superius

698 3485 868 3547 dicta
902 3486 982 3569 (§.
1022 3484 1168 3569 574.
1203 3482 1295 3568 n.)
1336 3484 1481 3548 heio
1518 3485 1811 3569 inprimis
1849 3487 2204 3551 recolenda
2238 3506 2405 3554 sunt.

614 3613 717 3699 **)
763 3614 1073 3676 Rationes
1119 3612 1198 3675 ad
1255 3613 1417 3677 haee
1478 3612 1695 3678 officia
1742 3615 2108 3700 obligantes
2155 3640 2236 3682 ex
2282 3619 2469 3682 dictis
2520 3615 2636 3704 (§.‘

702 3700 848 3766 601.
886 3716 954 3763 et
988 3698 1160 3783 605.)
1214 3701 1642 3784 colliguntur3
1703 3702 2042 3786 religionis
2093 3721 2303 3768 autem
2342 3726 2622 3789 praece·

700 3786 809 3872 pta
849 3787 929 3850 de
955 3788 1052 3848 his
1095 3784 1332 3848 officiis
1364 3808 1445 3850 ex
1483 3788 1646 3850 loeis
1668 3788 1891 3850 itidem
1929 3789 2201 3853 laudatis
2241 3793 2390 3856 satis
2429 3792 2622 3852 inno-

592 3929 602 3939 .
699 3888 976 3940 tescum.
1062 3874 1410 3949 Ceterum,
1485 3890 1558 3938 ut
1616 3897 1695 3939 ea
1757 3874 1978 3939 officia
2038 3876 2283 3941 famuli·
2321 3877 2630 3941 fidentem

540 4043 1098 4160 W
1163 4077 1436 4166 damnat.
1494 4099 1562 4149 n.
1622 4076 1728 4165 57.
1794 4077 1874 4146 ab
1929 4079 2314 4149 Innocentio
2368 4081 2481 4147 XI.
2526 4079 2619 4147 ef·

707 4160 895 4244 epist.
937 4162 1017 4224 ad
1055 4163 1275 4229 Titum
1314 4166 1392 4231 11.
1442 4188 1540 4231 ιο.
