2846 4770
274 368 354 434 0.
373 364 472 435 ΙΙ.
492 362 577 431 Λ
584 366 674 430 rt'.
698 363 798 434 11.
816 365 1308 455 Impedimenta
1326 370 1575 436 morat.
1600 391 1774 458 resp.
1793 383 2027 438 status
2043 369 2180 439 litt.
2225 371 2352 439 205

198 596 207 603 -
262 537 826 634 difficillimam,
895 540 1051 619 imo
1103 538 1355 616 multis
1411 568 1726 645 prorsus
1798 543 2342 647 impossibilem

260 645 564 741 reddit3
619 645 705 736 d)
747 670 928 746 opes
976 647 1056 719 in
1101 673 1273 720 usus
1313 645 1764 725 salubriores
1809 649 2343 752 expendendas
2414 700 2439 727 a

269 749 669 839 absorbet,
741 746 1058 847 familias
1115 750 1568 852 quandoque
1620 754 1715 827 ad
1767 755 2097 855 inopiam
2148 754 2350 835 redi?

265 855 422 956 git,
488 869 561 927 et
613 852 1028 929 officiorum
1080 856 1457 930 variorum
1511 860 2032 933 executionem
2086 857 2349 933 diffici-

260 956 541 1033 liorem
580 975 706 1032 aut
744 956 1285 1058 impossibilem
1326 985 1623 1060 quoque
1661 963 1918 1036 reddit
1957 977 2101 1041 etc.

481 1124 566 1212 2)
600 1119 1159 1217 Argumentum
1181 1124 1446 1218 ipsum,
1484 1121 1744 1224 stylus,
1777 1120 2214 1222 reliquaque
2234 1121 2345 1196 in·

265 1219 519 1298 doles:
564 1225 839 1296 etenim
869 1231 944 1316 a)
965 1240 1506 1323 argumentum
1531 1226 2027 1328 plurimorum
2052 1227 2346 1323 inutile,

265 1326 587 1411 aliorum
618 1354 903 1400 summe
938 1326 1315 1428 plerisque
1350 1327 1769 1430 legentibus
1799 1331 2346 1430 periculosum,

237 1431 590 1505 aliorum
615 1433 833 1504 etiam
860 1432 1293 1531 pudendum
1322 1439 1886 1537 exitiosumque
1907 1436 1973 1527 *)
1997 1465 2015 1529 3
2054 1462 2210 1508 non
2229 1459 2347 1505 ra-

264 1561 354 1609 ro
386 1532 473 1628 b)
503 1536 748 1634 stylus
774 1551 852 1608 et
874 1536 1274 1609 scribendi-
1295 1539 1484 1609 ratio
1525 1537 1912 1638 elegantia,
1959 1537 2347 1611 concinni-

271 1656 463 1731 tate,
539 1639 836 1739 lepore,
909 1640 1349 1734 festivitate,
1391 1732 1397 1737 ἡ
1429 1656 1506 1713 at
1563 1643 1781 1716 simul
1841 1641 2346 1742 impudentia,

268 1741 719 1845 petulantia,
798 1742 1306 1843 impudicitia,
1381 1744 1913 1839 mordacitate,
1984 1742 2343 1844 improbi·
2370 1738 2395 1745 ’

266 1864 421 1922 tate
473 1862 586 1920 est
629 1849 981 1947 insignis3
1045 1848 1232 1922 item*
1273 1846 1354 1942 c)
1387 1849 1689 1949 indoles
1728 1875 1986 1924 eorum
2029 1849 2344 1949 scripto·

263 1979 479 2045 rum,
532 1948 902 2044 brevitaS,
957 1949 1243 2045 vilitas,
1297 1977 1430 2025 seu
1467 1969 1548 2026 ut
1579 1954 1678 2026 ita
1719 1954 2000 2046 dicam,
2053 1946 2346 2053 parabi·

263 2053 479 2157 litaS,
548 2055 899 2129 editionis
953 2057 1156 2129 nitor
1194 2082 1295 2129 ⁴ao
1350 2057 1839 2130 commoditas
1895 2082 2116 2156 saepe
2172 2072 2345 2129 sunt

262 2157 664 2259 ejusmodi,
714 2174 797 2231 ut
825 2156 1143 2232 ‘mirifice
1166 2179 1699 2260 promoveatur
1735 2161 2133 2261 inutilium,
2175 2186 2341 2259 pes·

256 2265 622 2337 simorum
669 2258 1030 2337 librorum
1069 2262 1321 2340 lectio·

468 2408 548 2507 3)
586 2412 876 2503 Lectio,
922 2436 1107 2508 quae
1149 2413 1500 2486 virtutem
1547 2426 1673 2484 aut
1712 2434 2162 2512 magnopere
2205 2411 2343 2481 im-

258 2511 520 2614 pedit,
576 2530 702 2587 aut
753 2538 1053 2615 prorsus
1111 2517 1528 2616 corrumpit
1579 2531 1655 2588 et
1694 2517 1966 2594 ssvertit:
2004 2540 2208 2611 =nam
2263 2521 2338 2605 a)

265 2619 654 2689 inutilium
690 2620 917 2691 lectio
957 2634 1242 2719 tempus
1276 2618 1740 2719 pessumdat,
1779 2621 2077 2718 negotia
2111 2619 2341 2718 impe-

151 2811 154 2814 ,
260 2721 416 2812 dit,
474 2722 874 2802 vanitatem
919 2722 1165 2812 fovet,
1223 2722 1735 2796 curiositatem
1784 2720 1958 2815 alit,
2011 2738 2342 2806 mentem

158 2824 162 2828 ’
259 2824 650 2921 distrahit3
702 2826 779 2914 b)
815 2829 1429 2922 periculosorum
1473 2826 1958 2924 scriptorum,
2015 2826 2113 2898 ad
2150 2839 2339 2923 'quae

256 2928 590 3028 plurium
631 2927 1042 3001 fabularum
1081 2928 1682 3020 romanensium,
1739 2926 2340 3020 comoediarum,
2436 3003 2445 3016 ‚

257 3030 724 3106 lubricorum
765 3042 1194 3130 poematum
1234 3031 1410 3105 libri
1450 3032 1714 3131 referri
1757 3046 2180 3124 merentur,
2236 3032 2342 3104 le·-

133 3169 136 3172 ‘
259 3139 416 3211 ctio
457 3153 782 3208 mentem
822 3137 1010 3208 fictis
1050 3134 1704 3237 ideis-perturbat,
1751 3135 2079 3207 animum
2123 3134 2342 3207 effae-

256 3241 544 3332 minat,
600 3241 1021 3313 sensionem
1078 3242 1494 3341 corrumpit
1545 3238 2043 3313 immodiceve
2082 3238 2344 3312 ¹tendit

256 3341 768 3443 (iiberspannt,
807 3344 929 3417 die
987 3343 1344 3436 Geffihle,
1414 3343 1819 3428 verbreitet
1874 3343 1996 3420 die
2050 3343 2377 3418 Seuche'

258 3448 401 3521 der
452 3445 1049 3548 Empfindeley),
1106 3448 1574 3548 phantasiam
1627 3445 1831 3525 falsis
1885 3444 2337 3545 omnemque

253 3550 574 3630 modum
651 3549 1189 3624 excedentibus
1261 3551 1705 3651 imaginibus
1777 3551 2065 3654 replet3
2149 3549 2343 3649 judi-

256 3656 458 3729 cium
495 3652 776 3727 morale
823 3655 1072 3747 vitiat,
1128 3656 1422 3740 veneris
1475 3652 1820 3729 stimulos
1871 3670 2338 3755 praemature

257 3774 392 3832 aut
431 3758 944 3832 vehementius
985 3761 1316 3850 excitat,⁴
1356 3784 1651 3831 omnem
1706 3758 1927 3831 officii
1984 3773 2057 3829 et
2110 3758 2339 3832 virtu·

222 3864 394 3955 -tis,
449 3864 603 3935 imo
643 3862 1001 3962 simplicis
1047 3859 1546 3962 parabilisque
1589 3860 2068 3961 jucunditatis
2106 3861 2341 3936 hone-

259 3985 415 4040 stae
456 3985 751 4064 gustum
796 3969 1063 4039 evertit
1100 3968 1232 4059 (cf.
1271 3969 1343 4065 §
1378 3968 1632 4060 586.);
1689 3972 1754 4054 c)
1797 3966 2336 4059 improborum,

262 4070 615 4168 religioni
636 4075 1051 4170 virtutique
1083 4061 1661 4144 adversantium
1685 4068 1904 4140 lectio
1926 4068 2211 4143 firmam
2243 4070 2336 4142 de

248 4171 941 4255 ‚fundamentalibus
971 4173 1349 4275 religionis
1384 4171 1972 4272 moralitatisque
1992 4173 2328 4249 ‘veritati-
