2846 4770
643 386 720 450 G.
758 379 858 447 ΙΙ.
894 378 1005 445 Dr
1039 380 1374 444 societate
1407 362 1771 485 conjugali
1800 391 1923 448 etc.
2133 386 2138 391 “
2219 373 2310 444 35

397 552 626 621 caudis
671 568 943 635 operam
979 548 1426 615 sollicitiorem
1461 548 1870 634 impendant3
1931 546 2122 614 etism
2162 568 2305 633 gra·

396 641 693 706 vioribus
730 636 910 701 curis
950 635 1573 722 adversitatibusque
1619 657 1882 721 pressae
1930 650 1996 700 et
2035 634 2303 699 bumana

399 748 532 811 ope
591 725 937 788 destitutae
994 722 1222 806 majori
1265 720 1498 787 fiducia
1558 724 1624 785 in
1668 722 1948 784 Domino
2005 732 2326 805 sperent:

407 814 595 897 eique
629 809 1051 891 soliplacere
1086 824 1432 892 quaerant,
1480 808 2030 872 obsecrationibus
2051 821 2136 870 et
2168 829 2310 870 ora·

396 899 692 963 'tionibus
735 908 923 958 nocte
976 915 1049 958 ac
1109 894 1217 958 die
1260 895 1540 970 instent,
1605 916 1723 978 per
1768 895 1977 957 omnia
2021 895 2304 976 irrepro-

402 983 764 1049 hensibiies
802 982 961 1056 sint,
1002 981 1072 1042 in
1116 982 1420 1064 operibus
1457 982 1681 1055 bonis,
1727 982 1792 1042 in
1836 979 2115 1043 filiorum
2159 1000 2306 1064 pro·

403 1071 495 1133 ba
529 1068 948 1140 educatione,
1008 1068 1075 1128 in
1122 1067 1430 1151 operibus
1470 1067 1954 1131 misericordiae
2002 1088 2072 1128 se
2118 1087 2305 1129 exer·

412 1169 602 1219 ceant
643 1168 708 1216 et
750 1174 938 1215 omne
997 1174 1158 1236 opus
1216 1153 1452 1216 bonum
1497 1155 1967 1238 subsequantur
2008 1149 2129 1233 33).
2190 1154 2304 1214 At-

407 1260 536 1327 que
570 1243 634 1323 4)
679 1240 801 1301 bae
832 1239 1124 1312 demum,
1172 1260 1332 1321 quae
1368 1240 1735 1320 hujusmodi
1772 1253 1948 1313 sunt,
2006 1258 2161 1302 vere
2200 1243 2298 1301 vi·

409 1330 613 1402 duae,
651 1340 719 1389 et
747 1326 994 1389 honore
1017 1325 1247 1409 dignae
1275 1341 1641 1391 censentur.
1689 1324 1789 1387 Cf.
1814 1325 2065 1387 Bened.
2090 1324 2304 1387 State·

404 1411 516 1476 Ier
545 1411 795 1474 cbristl.
825 1411 1222 1477 Sittenlebre
1255 1412 1363 1476 fiir
1395 1414 1522 1479 den
1554 1415 1760 1476 Haus-
1796 1418 1929 1474 und
1964 1410 2304 1475 Famiiien-

406 1496 620 1560 stand.
666 1515 727 1571 ᾳ.
763 1500 841 1565 Β.
881 1493 1366 1585 §.771-776.

1146 1696 1205 1775 §-
1253 1694 1400 1783 597·

608 1825 1082 1913 Infaustorum
1127 1824 1627 1888 connubiorum
1671 1839 1948 1886 causae.

441 1988 643 2059 Inter
696 1985 965 2085 plures·
1000 1983 1489 2059 infaustorum
1542 1978 2085 2056 connubiorum
2140 2000 2307 2051 cau-

228 2112 399 2183 sas,
468 2115 649 2189 quas
705 2090 898 2163 scire
954 2106 1029 2161 et
1080 2088 1456 2165 declinare
1511 2090 1766 2187 utique
1819 2085 2138 2156 maxime
2192 2081 2305 2150 in-

233 2208 507 2286 terest,
551 2195 997 2294 praecipuae
1035 2209 1466 2267 censentur:
1530 2189 1602 2286 1)
1640 2205 1865 2263 status
1899 2181 2304 2284 conjugalis

233 2315 363 2369 aut
415 2298 751 2399 conjugis
801 2312 1063 2370 contra
1128 2298 1334 2370 datas
1386 2292 1676 2394 regulas
1733 2297 1847 2389 (5.
1903 2292 2119 2380 586.)
2173 2288 2308 2357 im-

231 2401 647 2500 prudenter
687 2403 879 2504 facta
924 2399 1232 2497 electi03
1291 2406 1360 2489 Ω)
1405 2398 1630 2472 falsae
1673 2413 1797 2470 aut
1832 2395 2144 2467 nimium
2185 2415 2311 2463 ex-

237 2502 481 2603 celsae
523 2505 617 2577 de
659 2520 889 2578 status
931 2504 1331 2607 conjugalis
1368 2502 1866 2602 jucunditate,
1911 2498 2014 2570 >de
2058 2496 2311 2592 conju-

237 2607 354 2705 gis
405 2606 987 2706 perfectionibus
1043 2610 1296 2702 ideae,
1334 2623 1476 2680 aut
1515 2620 2103 2707 praeconceptae
2147 2599 2308 2698 opie

235 2711 516 2782 Diones
558 2720 662 2806 (S.
705 2713 872 2788 586.
912 2740 983 2787 n.
1028 2715 1075 2787 6
1103 2718 1167 2809 );
1223 2717 1303 2803 5)
1346 2713 1524 2784 vitia
1566 2710 1840 2782 officiis
1867 2723 2096 2782 status
2132 2728 2309 2777 con-

232 2810 513 2914 jugalis
546 2814 881 2914 inprimis
918 2816 1258 2908 inimica,
1316 2841 1379 2889 e.
1422 2843 1486 2914 g.
1523 2813 1854 2900 luxuria,
1907 2802 2305 2908 prodigali-

234 2933 397 3007 ωε,
451 2914 704 3012 luxus,
763 2918 1075 2994 ebrietas
1092 2972 1117 3009 ‚
1170 2917 1619 3019 pertinacia,
1687 2913 1982 2986 rixandi
2026 2907 2310 2996 libido,

233 3018 532 3093 fallacia
570 3027 659 3095 ‘et
711 3021 1150 3116 diffidenti33
1215 3022 1397 3094 item
1454 3015 1823 3111 zelotypia
1879 3028 1954 3085 et
2004 3033 2316 3080 conver-

233 3123 457 3196 sandi
495 3149 660 3198 cum
708 3124 870 3198 aliis
912 3124 1215 3199 libertas
1255 3122 1650 3217 lieentiave
1695 3117 1802 3213 *);
1856 3121 1936 3206 4)
1983 3112 2314 3186 defectus

236 3225 524 3300 solidae
562 3228 979 3329 probitatiS,
1033 3252 1434 3326 earumque
1469 3224 1783 3315 dotium,
1838 3246 2022 3318 quae
2062 3218 2318 3315 con'ju·

242 3328 457 3428 gibus
508 3334 831 3406 maxime
886 3334 1128 3406 inesse
1186 3331 1550 3404 deberent
1600 3326 1704 3427 (§.
1762 3326 2012 3416 585.),
2082 3320 2317 3421 inpri-

236 3434 392 3507 mis
428 3438 638 3508 naevi
674 3438 937 3509 iisdem
980 3436 1373 3527 contrarii,
1417 3448 1638 3529 atque
1683 3429 1909 3501 nimia
1954 3428 2172 3500 etiam
2205 3426 2322 3495 in·

238 3551 364 3608 ter
418 3544 767 3639 conjuges
836 3539 1297 3631 familiaritas
1372 3534 1787 3635 agendique
1840 3531 2165 3622 ruditas;
2237 3528 2322 3615 5)

239 3638 562 3735 indolis,
618 3642 860 3741 genii,
914 3643 1067 3716 imo
1113 3640 1569 3729 conditionis
1615 3659 1912 3736 quoque
1955 3651 2028 3707 et
2068 3628 2324 3703 aetatis

235 3743 473 3815 nimia
514 3747 711 3819 inter
762 3748 1112 3845 conjuges
1160 3745 1595 3846 disparitas;
1666 3741 1741 3832 6)
1788 3733 2327 3812 susurrationes

212 3837 785 3923 'malevolorum
824 3850 1253 3944 hominum,
1308 3848 1434 3950 qui
1475 3842 1883 3918 discordias
1917 3843 2111 3912 inter
2147 3858 2327 3908 con-

235 3952 443 4051 juges
484 3953 884 4029 seminant.

312 4197 423 4284 55)
475 4192 527 4266 Ῐ.
568 4200 974 4276 Timothv.
1015 4210 1271 4276 4—10·
