<?xml version="1.0" encoding="UTF-8"?>
<!DOCTYPE html PUBLIC "-//W3C//DTD XHTML 1.0 Transitional//EN"
    "http://www.w3.org/TR/xhtml1/DTD/xhtml1-transitional.dtd">
<html xmlns="http://www.w3.org/1999/xhtml" xml:lang="en" lang="en">
 <head>
  <title>
</title>
<meta http-equiv="Content-Type" content="text/html;charset=utf-8" />
  <meta name='ocr-system' content='tesseract 3.04.00' />
  <meta name='ocr-capabilities' content='ocr_page ocr_carea ocr_par ocr_line ocrx_word'/>
</head>
<body>
  <div class='ocr_page' id='page_1' title='image "./ethicachristian00schegoog/ethicachristian00schegoog_0081.png"; bbox 0 0 2846 4770; ppageno 0'>
   <div class='ocr_carea' id='block_1_1' title="bbox 1613 170 1624 205">
    <p class='ocr_par' dir='ltr' id='par_1_1' title="bbox 1613 170 1624 205">
     <span class='ocr_line' id='line_1_1' title="bbox 1613 170 1624 205; baseline 0 0"><span class='ocrx_word' id='word_1_1' title='bbox 1613 170 1624 205; x_wconf 65' lang='lat' dir='ltr'>b</span> 
     </span>
    </p>
   </div>
   <div class='ocr_carea' id='block_1_2' title="bbox 168 352 2269 453">
    <p class='ocr_par' dir='ltr' id='par_1_2' title="bbox 168 352 2269 453">
     <span class='ocr_line' id='line_1_2' title="bbox 168 352 2269 453; baseline 0.007 -29"><span class='ocrx_word' id='word_1_2' title='bbox 168 361 226 430; x_wconf 82' lang='lat'>0.</span> <span class='ocrx_word' id='word_1_3' title='bbox 254 358 515 426; x_wconf 62' lang='lat' dir='ltr'>Kar-t.</span> <span class='ocrx_word' id='word_1_4' title='bbox 540 352 652 418; x_wconf 73' lang='lat'>211.</span> <span class='ocrx_word' id='word_1_5' title='bbox 681 355 798 420; x_wconf 76' lang='lat' dir='ltr'>De</span> <span class='ocrx_word' id='word_1_6' title='bbox 839 356 1387 442; x_wconf 72' lang='lat' dir='ltr'><em>obligationibus</em></span> <span class='ocrx_word' id='word_1_7' title='bbox 1431 372 1972 453; x_wconf 82' lang='lat' dir='ltr'>magistratuum</span> <span class='ocrx_word' id='word_1_8' title='bbox 2010 386 2138 444; x_wconf 81' lang='lat' dir='ltr'>etc.</span> <span class='ocrx_word' id='word_1_9' title='bbox 2183 369 2269 439; x_wconf 84' lang='lat'>6⁵</span> 
     </span>
    </p>
   </div>
   <div class='ocr_carea' id='block_1_3' title="bbox 336 528 2269 687">
    <p class='ocr_par' dir='ltr' id='par_1_3' title="bbox 336 528 2269 687">
     <span class='ocr_line' id='line_1_3' title="bbox 336 528 2269 619; baseline 0.009 -26"><span class='ocrx_word' id='word_1_10' title='bbox 336 528 565 593; x_wconf 74' lang='lat' dir='ltr'>illiciis</span> <span class='ocrx_word' id='word_1_11' title='bbox 607 528 1125 597; x_wconf 76' lang='lat' dir='ltr'><strong>incommodisve</strong></span> <span class='ocrx_word' id='word_1_12' title='bbox 1182 533 1259 597; x_wconf 83' lang='lat' dir='ltr'>ab</span> <span class='ocrx_word' id='word_1_13' title='bbox 1296 535 1461 619; x_wconf 77' lang='lat' dir='ltr'>justa</span> <span class='ocrx_word' id='word_1_14' title='bbox 1497 537 1708 605; x_wconf 71' lang='lat' dir='ltr'>officii</span> <span class='ocrx_word' id='word_1_15' title='bbox 1745 541 1845 604; x_wconf 75' lang='lat' dir='ltr'>oui</span> <span class='ocrx_word' id='word_1_16' title='bbox 1883 544 2269 611; x_wconf 73' lang='lat' dir='ltr'>executione</span> 
     </span>
     <span class='ocr_line' id='line_1_4' title="bbox 338 615 1315 687; baseline 0.005 -5"><span class='ocrx_word' id='word_1_17' title='bbox 338 639 413 682; x_wconf 71' lang='lat' dir='ltr'>ce</span> <span class='ocrx_word' id='word_1_18' title='bbox 444 616 685 681; x_wconf 72' lang='lat' dir='ltr'>abduci</span> <span class='ocrx_word' id='word_1_19' title='bbox 724 615 1053 683; x_wconf 81' lang='lat' dir='ltr'>ullatenus</span> <span class='ocrx_word' id='word_1_20' title='bbox 1085 620 1315 687; x_wconf 80' lang='lat' dir='ltr'>sinant.</span> 
     </span>
    </p>
   </div>
   <div class='ocr_carea' id='block_1_4' title="bbox 1086 827 1342 918">
    <p class='ocr_par' dir='ltr' id='par_1_4' title="bbox 1086 827 1342 918">
     <span class='ocr_line' id='line_1_5' title="bbox 1086 827 1342 918; baseline 0.008 -23"><span class='ocrx_word' id='word_1_21' title='bbox 1086 827 1148 918; x_wconf 82' lang='lat'>§.</span> <span class='ocrx_word' id='word_1_22' title='bbox 1193 831 1342 907; x_wconf 79' lang='lat'>622,</span> 
     </span>
    </p>
   </div>
   <div class='ocr_carea' id='block_1_5' title="bbox 185 959 2266 1052">
    <p class='ocr_par' dir='ltr' id='par_1_5' title="bbox 185 959 2266 1052">
     <span class='ocr_line' id='line_1_6' title="bbox 185 959 2266 1052; baseline 0.006 -32"><span class='ocrx_word' id='word_1_23' title='bbox 185 959 248 1044; x_wconf 66' lang='grc' dir='ltr'>ι)</span> <span class='ocrx_word' id='word_1_24' title='bbox 297 963 557 1047; x_wconf 80' lang='lat' dir='ltr'>Officia</span> <span class='ocrx_word' id='word_1_25' title='bbox 599 960 1106 1035; x_wconf 80' lang='lat' dir='ltr'>ministrorum,</span> <span class='ocrx_word' id='word_1_26' title='bbox 1149 962 1758 1044; x_wconf 78' lang='lat' dir='ltr'><em>consiliariorum,</em></span> <span class='ocrx_word' id='word_1_27' title='bbox 1802 970 2266 1052; x_wconf 67' lang='lat' dir='ltr'>referentium.</span> 
     </span>
    </p>
   </div>
   <div class='ocr_carea' id='block_1_6' title="bbox 120 1119 2314 4235">
    <p class='ocr_par' dir='ltr' id='par_1_6' title="bbox 120 1119 2268 3195">
     <span class='ocr_line' id='line_1_7' title="bbox 394 1119 2264 1230; baseline 0.009 -39"><span class='ocrx_word' id='word_1_28' title='bbox 394 1119 745 1209; x_wconf 78' lang='lat' dir='ltr'>Ministri,</span> <span class='ocrx_word' id='word_1_29' title='bbox 783 1123 1225 1212; x_wconf 81' lang='lat' dir='ltr'>consiliarii,</span> <span class='ocrx_word' id='word_1_30' title='bbox 1260 1121 1707 1221; x_wconf 72' lang='lat' dir='ltr'>referentes</span> <span class='ocrx_word' id='word_1_31' title='bbox 1742 1140 1819 1198; x_wconf 90' lang='lat' dir='ltr'>et</span> <span class='ocrx_word' id='word_1_32' title='bbox 1840 1130 2264 1230; x_wconf 80' lang='lat' dir='ltr'>quicunque</span> 
     </span>
     <span class='ocr_line' id='line_1_8' title="bbox 182 1220 2268 1328; baseline 0.008 -34"><span class='ocrx_word' id='word_1_33' title='bbox 182 1220 604 1313; x_wconf 80' lang='lat' dir='ltr'>rectoribus</span> <span class='ocrx_word' id='word_1_34' title='bbox 648 1223 729 1296; x_wconf 89' lang='lat' dir='ltr'>in</span> <span class='ocrx_word' id='word_1_35' title='bbox 780 1224 1162 1323; x_wconf 80' lang='lat' dir='ltr'>republica</span> <span class='ocrx_word' id='word_1_36' title='bbox 1192 1224 1669 1325; x_wconf 84' lang='lat' dir='ltr'>gubernanda</span> <span class='ocrx_word' id='word_1_37' title='bbox 1705 1253 1932 1328; x_wconf 85' lang='lat' dir='ltr'>opera</span> <span class='ocrx_word' id='word_1_38' title='bbox 1977 1250 2053 1306; x_wconf 91' lang='lat' dir='ltr'>et</span> <span class='ocrx_word' id='word_1_39' title='bbox 2089 1261 2268 1311; x_wconf 88' lang='lat' dir='ltr'>cou-</span> 
     </span>
     <span class='ocr_line' id='line_1_9' title="bbox 183 1324 2266 1429; baseline 0.008 -31"><span class='ocrx_word' id='word_1_40' title='bbox 183 1324 379 1399; x_wconf 81' lang='lat' dir='ltr'>siliis</span> <span class='ocrx_word' id='word_1_41' title='bbox 420 1325 723 1422; x_wconf 81' lang='lat' dir='ltr'>adsunt,</span> <span class='ocrx_word' id='word_1_42' title='bbox 782 1344 1037 1429; x_wconf 83' lang='lat' dir='ltr'>utpote</span> <span class='ocrx_word' id='word_1_43' title='bbox 1091 1354 1128 1401; x_wconf 89' lang='lat' dir='ltr'>a</span> <span class='ocrx_word' id='word_1_44' title='bbox 1173 1355 1490 1428; x_wconf 90' lang='lat' dir='ltr'>quorum</span> <span class='ocrx_word' id='word_1_45' title='bbox 1546 1334 1820 1407; x_wconf 89' lang='lat' dir='ltr'>muniis</span> <span class='ocrx_word' id='word_1_46' title='bbox 1869 1332 2062 1410; x_wconf 89' lang='lat' dir='ltr'>bene</span> <span class='ocrx_word' id='word_1_47' title='bbox 2112 1364 2266 1414; x_wconf 88' lang='lat' dir='ltr'>ma·</span> 
     </span>
     <span class='ocr_line' id='line_1_10' title="bbox 182 1427 2264 1530; baseline 0.007 -27"><span class='ocrx_word' id='word_1_48' title='bbox 182 1427 349 1519; x_wconf 82' lang='lat' dir='ltr'>leve</span> <span class='ocrx_word' id='word_1_49' title='bbox 413 1432 634 1530; x_wconf 85' lang='lat' dir='ltr'>gestis</span> <span class='ocrx_word' id='word_1_50' title='bbox 678 1434 1002 1506; x_wconf 80' lang='lat' dir='ltr'>maxima</span> <span class='ocrx_word' id='word_1_51' title='bbox 1063 1450 1187 1505; x_wconf 88' lang='lat' dir='ltr'>aut</span> <span class='ocrx_word' id='word_1_52' title='bbox 1233 1433 1634 1509; x_wconf 84' lang='lat' dir='ltr'>commoda</span> <span class='ocrx_word' id='word_1_53' title='bbox 1696 1457 1820 1511; x_wconf 87' lang='lat' dir='ltr'>aut</span> <span class='ocrx_word' id='word_1_54' title='bbox 1861 1438 2045 1513; x_wconf 87' lang='lat' dir='ltr'>mala</span> <span class='ocrx_word' id='word_1_55' title='bbox 2103 1458 2264 1518; x_wconf 87' lang='lat' dir='ltr'>tum</span> 
     </span>
     <span class='ocr_line' id='line_1_11' title="bbox 179 1532 2266 1644; baseline 0.007 -39"><span class='ocrx_word' id='word_1_56' title='bbox 179 1532 262 1607; x_wconf 86' lang='lat' dir='ltr'>in</span> <span class='ocrx_word' id='word_1_57' title='bbox 300 1535 676 1632; x_wconf 76' lang='lat' dir='ltr'>privatOS,</span> <span class='ocrx_word' id='word_1_58' title='bbox 730 1553 886 1609; x_wconf 88' lang='lat' dir='ltr'>tum</span> <span class='ocrx_word' id='word_1_59' title='bbox 930 1538 1004 1608; x_wconf 89' lang='lat' dir='ltr'>in</span> <span class='ocrx_word' id='word_1_60' title='bbox 1059 1535 1600 1635; x_wconf 78' lang='lat' dir='ltr'>rempublicam</span> <span class='ocrx_word' id='word_1_61' title='bbox 1663 1557 2048 1642; x_wconf 89' lang='lat' dir='ltr'>utramque</span> <span class='ocrx_word' id='word_1_62' title='bbox 2092 1572 2266 1644; x_wconf 87' lang='lat' dir='ltr'>pro·</span> 
     </span>
     <span class='ocr_line' id='line_1_12' title="bbox 180 1645 2265 1738; baseline 0.006 -29"><span class='ocrx_word' id='word_1_63' title='bbox 180 1653 532 1731; x_wconf 80' lang='lat' dir='ltr'>manant,</span> <span class='ocrx_word' id='word_1_64' title='bbox 576 1648 656 1734; x_wconf 85' lang='lat'>1)</span> <span class='ocrx_word' id='word_1_65' title='bbox 685 1645 1119 1738; x_wconf 75' lang='lat' dir='ltr'>generatim</span> <span class='ocrx_word' id='word_1_66' title='bbox 1157 1664 1413 1713; x_wconf 85' lang='lat' dir='ltr'>omnes</span> <span class='ocrx_word' id='word_1_67' title='bbox 1438 1647 1504 1732; x_wconf 87' lang='lat' dir='ltr'>a)</span> <span class='ocrx_word' id='word_1_68' title='bbox 1552 1669 1927 1738; x_wconf 87' lang='lat' dir='ltr'>nunquam</span> <span class='ocrx_word' id='word_1_69' title='bbox 1971 1648 2114 1719; x_wconf 91' lang='lat' dir='ltr'>nisi</span> <span class='ocrx_word' id='word_1_70' title='bbox 2149 1649 2265 1722; x_wconf 83' lang='lat' dir='ltr'>his</span> 
     </span>
     <span class='ocr_line' id='line_1_13' title="bbox 182 1741 2267 1843; baseline 0.003 -27"><span class='ocrx_word' id='word_1_71' title='bbox 182 1741 471 1816; x_wconf 85' lang='lat' dir='ltr'>muniis</span> <span class='ocrx_word' id='word_1_72' title='bbox 510 1742 648 1815; x_wconf 87' lang='lat' dir='ltr'>rite</span> <span class='ocrx_word' id='word_1_73' title='bbox 706 1746 1044 1843; x_wconf 86' lang='lat' dir='ltr'>gerendis</span> <span class='ocrx_word' id='word_1_74' title='bbox 1084 1745 1238 1843; x_wconf 87' lang='lat' dir='ltr'>apti</span> <span class='ocrx_word' id='word_1_75' title='bbox 1292 1743 1386 1815; x_wconf 88' lang='lat' dir='ltr'>ad</span> <span class='ocrx_word' id='word_1_76' title='bbox 1451 1742 1994 1842; x_wconf 81' lang='lat' dir='ltr'>rempublicam</span> <span class='ocrx_word' id='word_1_77' title='bbox 2054 1774 2267 1825; x_wconf 87' lang='lat' dir='ltr'>acce·-</span> 
     </span>
     <span class='ocr_line' id='line_1_14' title="bbox 185 1841 2266 1954; baseline 0.005 -39"><span class='ocrx_word' id='word_1_78' title='bbox 185 1841 418 1937; x_wconf 86' lang='lat' dir='ltr'>dant,</span> <span class='ocrx_word' id='word_1_79' title='bbox 471 1871 611 1919; x_wconf 89' lang='lat' dir='ltr'>nec</span> <span class='ocrx_word' id='word_1_80' title='bbox 644 1846 1030 1946; x_wconf 89' lang='lat' dir='ltr'>precibus,</span> <span class='ocrx_word' id='word_1_81' title='bbox 1073 1847 1894 1943; x_wconf 80' lang='lat' dir='ltr'>commendationibus,</span> <span class='ocrx_word' id='word_1_82' title='bbox 1938 1867 2062 1925; x_wconf 87' lang='lat' dir='ltr'>aut</span> <span class='ocrx_word' id='word_1_83' title='bbox 2089 1878 2266 1954; x_wconf 90' lang='lat' dir='ltr'>pro-</span> 
     </span>
     <span class='ocr_line' id='line_1_15' title="bbox 182 1946 2264 2049; baseline 0.006 -29"><span class='ocrx_word' id='word_1_84' title='bbox 182 1946 375 2037; x_wconf 69' lang='lat' dir='ltr'>latis</span> <span class='ocrx_word' id='word_1_85' title='bbox 417 1952 777 2046; x_wconf 79' lang='lat' dir='ltr'>majorum</span> <span class='ocrx_word' id='word_1_86' title='bbox 849 1978 1148 2025; x_wconf 84' lang='lat' dir='ltr'>suorum</span> <span class='ocrx_word' id='word_1_87' title='bbox 1208 1952 1491 2024; x_wconf 88' lang='lat' dir='ltr'>meritis</span> <span class='ocrx_word' id='word_1_88' title='bbox 1560 1978 1828 2026; x_wconf 87' lang='lat' dir='ltr'>munus</span> <span class='ocrx_word' id='word_1_89' title='bbox 1881 1953 2073 2049; x_wconf 88' lang='lat' dir='ltr'>tale,</span> <span class='ocrx_word' id='word_1_90' title='bbox 2139 1959 2264 2032; x_wconf 89' lang='lat' dir='ltr'>cui</span> 
     </span>
     <span class='ocr_line' id='line_1_16' title="bbox 180 2051 2264 2155; baseline 0.006 -32"><span class='ocrx_word' id='word_1_91' title='bbox 180 2051 777 2135; x_wconf 81' lang='lat' dir='ltr'>administrando</span> <span class='ocrx_word' id='word_1_92' title='bbox 816 2082 1032 2155; x_wconf 85' lang='lat' dir='ltr'>pares</span> <span class='ocrx_word' id='word_1_93' title='bbox 1070 2074 1471 2144; x_wconf 78' lang='lat' dir='ltr'>nonsunt,</span> <span class='ocrx_word' id='word_1_94' title='bbox 1526 2056 1894 2151; x_wconf 81' lang='lat' dir='ltr'>ambiant,</span> <span class='ocrx_word' id='word_1_95' title='bbox 1950 2086 2093 2134; x_wconf 88' lang='lat' dir='ltr'>nec</span> <span class='ocrx_word' id='word_1_96' title='bbox 2132 2058 2264 2134; x_wconf 90' lang='lat' dir='ltr'>ob-</span> 
     </span>
     <span class='ocr_line' id='line_1_17' title="bbox 150 2150 2262 2264; baseline 0.006 -37"><span class='ocrx_word' id='word_1_97' title='bbox 150 2150 403 2230; x_wconf 82' lang='lat' dir='ltr'>&#39;latum</span> <span class='ocrx_word' id='word_1_98' title='bbox 473 2176 917 2260; x_wconf 81' lang='lat' dir='ltr'>acceptent3</span> <span class='ocrx_word' id='word_1_99' title='bbox 986 2161 1183 2233; x_wconf 89' lang='lat' dir='ltr'>unde</span> <span class='ocrx_word' id='word_1_100' title='bbox 1251 2158 1333 2249; x_wconf 91' lang='lat' dir='ltr'>b)</span> <span class='ocrx_word' id='word_1_101' title='bbox 1401 2157 1790 2253; x_wconf 82' lang='lat' dir='ltr'>scientiam</span> <span class='ocrx_word' id='word_1_102' title='bbox 1863 2178 1936 2235; x_wconf 89' lang='lat' dir='ltr'>et</span> <span class='ocrx_word' id='word_1_103' title='bbox 2005 2163 2262 2264; x_wconf 85' lang='lat' dir='ltr'>probi·</span> 
     </span>
     <span class='ocr_line' id='line_1_18' title="bbox 173 2264 2260 2366; baseline 0.004 -33"><span class='ocrx_word' id='word_1_104' title='bbox 173 2273 401 2334; x_wconf 79' lang='lat' dir='ltr'>tatem</span> <span class='ocrx_word' id='word_1_105' title='bbox 452 2264 751 2338; x_wconf 86' lang='lat' dir='ltr'>muneri</span> <span class='ocrx_word' id='word_1_106' title='bbox 794 2281 1368 2338; x_wconf 85' lang='lat' dir='ltr'>consentaneam</span> <span class='ocrx_word' id='word_1_107' title='bbox 1412 2287 1891 2363; x_wconf 85' lang='lat' dir='ltr'>comparare,</span> <span class='ocrx_word' id='word_1_108' title='bbox 1947 2292 2260 2366; x_wconf 86' lang='lat' dir='ltr'>eamque</span> 
     </span>
     <span class='ocr_line' id='line_1_19' title="bbox 177 2362 2259 2471; baseline 0.005 -33"><span class='ocrx_word' id='word_1_109' title='bbox 177 2362 423 2448; x_wconf 83' lang='lat' dir='ltr'>indies</span> <span class='ocrx_word' id='word_1_110' title='bbox 477 2393 747 2469; x_wconf 85' lang='lat' dir='ltr'>augere</span> <span class='ocrx_word' id='word_1_111' title='bbox 800 2369 1186 2465; x_wconf 82' lang='lat' dir='ltr'>studeant3</span> <span class='ocrx_word' id='word_1_112' title='bbox 1259 2373 1325 2459; x_wconf 93' lang='lat' dir='ltr'>c)</span> <span class='ocrx_word' id='word_1_113' title='bbox 1386 2393 1534 2441; x_wconf 89' lang='lat' dir='ltr'>uno</span> <span class='ocrx_word' id='word_1_114' title='bbox 1601 2366 1854 2443; x_wconf 86' lang='lat' dir='ltr'>salutis</span> <span class='ocrx_word' id='word_1_115' title='bbox 1907 2369 2259 2471; x_wconf 85' lang='lat' dir='ltr'>publicae</span> 
     </span>
     <span class='ocr_line' id='line_1_20' title="bbox 120 2469 2258 2579; baseline 0.003 -38"><span class='ocrx_word' id='word_1_116' title='bbox 120 2559 125 2562; x_wconf 82' lang='lat'>.</span> <span class='ocrx_word' id='word_1_117' title='bbox 168 2470 425 2547; x_wconf 17' lang='lat' dir='ltr'>,studio</span> <span class='ocrx_word' id='word_1_118' title='bbox 466 2496 551 2545; x_wconf 90' lang='lat' dir='ltr'>ac</span> <span class='ocrx_word' id='word_1_119' title='bbox 603 2498 860 2547; x_wconf 90' lang='lat' dir='ltr'>amore</span> <span class='ocrx_word' id='word_1_120' title='bbox 916 2469 1257 2565; x_wconf 80' lang='lat' dir='ltr'>animati,</span> <span class='ocrx_word' id='word_1_121' title='bbox 1309 2497 1452 2546; x_wconf 88' lang='lat' dir='ltr'>nec</span> <span class='ocrx_word' id='word_1_122' title='bbox 1500 2475 1881 2548; x_wconf 90' lang='lat' dir='ltr'>commodi</span> <span class='ocrx_word' id='word_1_123' title='bbox 1924 2476 2258 2579; x_wconf 81' lang='lat' dir='ltr'>proprii,</span> 
     </span>
     <span class='ocr_line' id='line_1_21' title="bbox 170 2577 2260 2674; baseline 0.004 -28"><span class='ocrx_word' id='word_1_124' title='bbox 170 2599 324 2647; x_wconf 86' lang='lat' dir='ltr'>nec</span> <span class='ocrx_word' id='word_1_125' title='bbox 372 2593 752 2674; x_wconf 85' lang='lat' dir='ltr'>respectus</span> <span class='ocrx_word' id='word_1_126' title='bbox 808 2577 1160 2671; x_wconf 89' lang='lat' dir='ltr'>humani,</span> <span class='ocrx_word' id='word_1_127' title='bbox 1215 2598 1355 2650; x_wconf 84' lang='lat' dir='ltr'>nec</span> <span class='ocrx_word' id='word_1_128' title='bbox 1398 2577 1721 2674; x_wconf 86' lang='lat' dir='ltr'>partium</span> <span class='ocrx_word' id='word_1_129' title='bbox 1770 2578 2018 2652; x_wconf 85' lang='lat' dir='ltr'>studio</span> <span class='ocrx_word' id='word_1_130' title='bbox 2037 2637 2060 2674; x_wconf 92' lang='lat'>,</span> <span class='ocrx_word' id='word_1_131' title='bbox 2114 2605 2260 2656; x_wconf 85' lang='lat' dir='ltr'>nec</span> 
     </span>
     <span class='ocr_line' id='line_1_22' title="bbox 173 2675 2255 2781; baseline 0.004 -32"><span class='ocrx_word' id='word_1_132' title='bbox 173 2675 349 2757; x_wconf 83' lang='lat' dir='ltr'>aliis</span> <span class='ocrx_word' id='word_1_133' title='bbox 392 2677 763 2776; x_wconf 81' lang='lat' dir='ltr'>quibusvis</span> <span class='ocrx_word' id='word_1_134' title='bbox 797 2680 1042 2754; x_wconf 89' lang='lat' dir='ltr'>modis</span> <span class='ocrx_word' id='word_1_135' title='bbox 1086 2708 1122 2753; x_wconf 89' lang='lat' dir='ltr'>a</span> <span class='ocrx_word' id='word_1_136' title='bbox 1159 2678 1480 2780; x_wconf 85' lang='lat' dir='ltr'>justitiae</span> <span class='ocrx_word' id='word_1_137' title='bbox 1519 2698 1593 2751; x_wconf 88' lang='lat' dir='ltr'>et</span> <span class='ocrx_word' id='word_1_138' title='bbox 1626 2680 1972 2781; x_wconf 88' lang='lat' dir='ltr'>publicae</span> <span class='ocrx_word' id='word_1_139' title='bbox 2000 2683 2255 2757; x_wconf 80' lang='lat' dir='ltr'>salutis</span> 
     </span>
     <span class='ocr_line' id='line_1_23' title="bbox 168 2781 2259 2884; baseline 0.003 -31"><span class='ocrx_word' id='word_1_140' title='bbox 168 2782 741 2884; x_wconf 86' lang='lat' dir='ltr'>promovendae</span> <span class='ocrx_word' id='word_1_141' title='bbox 788 2786 1179 2884; x_wconf 83' lang='lat' dir='ltr'>proposito</span> <span class='ocrx_word' id='word_1_142' title='bbox 1224 2781 1341 2855; x_wconf 88' lang='lat' dir='ltr'>vel</span> <span class='ocrx_word' id='word_1_143' title='bbox 1384 2783 1617 2855; x_wconf 87' lang='lat' dir='ltr'>latum</span> <span class='ocrx_word' id='word_1_144' title='bbox 1665 2812 1985 2883; x_wconf 88' lang='lat' dir='ltr'>unguem</span> <span class='ocrx_word' id='word_1_145' title='bbox 2021 2788 2259 2860; x_wconf 86' lang='lat' dir='ltr'>averti</span> 
     </span>
     <span class='ocr_line' id='line_1_24' title="bbox 173 2887 2255 2988; baseline 0.001 -29"><span class='ocrx_word' id='word_1_146' title='bbox 173 2912 252 2959; x_wconf 84' lang='lat' dir='ltr'>se</span> <span class='ocrx_word' id='word_1_147' title='bbox 310 2887 594 2984; x_wconf 84' lang='lat' dir='ltr'>sinant3</span> <span class='ocrx_word' id='word_1_148' title='bbox 659 2903 870 2988; x_wconf 90' lang='lat' dir='ltr'>atque</span> <span class='ocrx_word' id='word_1_149' title='bbox 927 2889 1000 2979; x_wconf 91' lang='lat' dir='ltr'>d)</span> <span class='ocrx_word' id='word_1_150' title='bbox 1063 2911 1230 2985; x_wconf 87' lang='lat' dir='ltr'>erga</span> <span class='ocrx_word' id='word_1_151' title='bbox 1287 2909 1544 2956; x_wconf 89' lang='lat' dir='ltr'>omnes</span> <span class='ocrx_word' id='word_1_152' title='bbox 1599 2888 1953 2982; x_wconf 92' lang='lat' dir='ltr'>quidem,</span> <span class='ocrx_word' id='word_1_153' title='bbox 2022 2891 2255 2961; x_wconf 72' lang='lat' dir='ltr'>maxi-</span> 
     </span>
     <span class='ocr_line' id='line_1_25' title="bbox 171 2985 2256 3094; baseline 0 -33"><span class='ocrx_word' id='word_1_154' title='bbox 171 2985 297 3062; x_wconf 83' lang='lat' dir='ltr'>me</span> <span class='ocrx_word' id='word_1_155' title='bbox 338 3014 531 3064; x_wconf 83' lang='lat' dir='ltr'>vero.</span> <span class='ocrx_word' id='word_1_156' title='bbox 578 3003 748 3093; x_wconf 76' lang='lat' dir='ltr'>erga</span> <span class='ocrx_word' id='word_1_157' title='bbox 802 3016 1170 3094; x_wconf 85' lang='lat' dir='ltr'>pauperes</span> <span class='ocrx_word' id='word_1_158' title='bbox 1186 3045 1210 3082; x_wconf 92' lang='lat'>,</span> <span class='ocrx_word' id='word_1_159' title='bbox 1266 3012 1704 3088; x_wconf 84' lang='lat' dir='ltr'>oppressos,</span> <span class='ocrx_word' id='word_1_160' title='bbox 1762 2987 1852 3059; x_wconf 89' lang='lat' dir='ltr'>ab</span> <span class='ocrx_word' id='word_1_161' title='bbox 1909 2988 2074 3059; x_wconf 88' lang='lat' dir='ltr'>aliis</span> <span class='ocrx_word' id='word_1_162' title='bbox 2128 2991 2256 3061; x_wconf 87' lang='lat' dir='ltr'>de-</span> 
     </span>
     <span class='ocr_line' id='line_1_26' title="bbox 171 3090 2202 3195; baseline 0 -28"><span class='ocrx_word' id='word_1_163' title='bbox 171 3113 413 3170; x_wconf 83' lang='lat' dir='ltr'>sertos</span> <span class='ocrx_word' id='word_1_164' title='bbox 453 3121 614 3169; x_wconf 87' lang='lat' dir='ltr'>sese</span> <span class='ocrx_word' id='word_1_165' title='bbox 656 3098 935 3195; x_wconf 84' lang='lat' dir='ltr'>justos,</span> <span class='ocrx_word' id='word_1_166' title='bbox 989 3120 1305 3192; x_wconf 87' lang='lat' dir='ltr'>aequos,</span> <span class='ocrx_word' id='word_1_167' title='bbox 1353 3090 1730 3166; x_wconf 88' lang='lat' dir='ltr'>beneficos</span> <span class='ocrx_word' id='word_1_168' title='bbox 1768 3091 2202 3193; x_wconf 82' lang='lat' dir='ltr'>praebeant.</span> 
     </span>
    </p>

    <p class='ocr_par' dir='ltr' id='par_1_7' title="bbox 158 3197 2314 4235">
     <span class='ocr_line' id='line_1_27' title="bbox 382 3197 2253 3300; baseline -0.003 -24"><span class='ocrx_word' id='word_1_169' title='bbox 382 3205 457 3291; x_wconf 76' lang='lat'>2)</span> <span class='ocrx_word' id='word_1_170' title='bbox 510 3199 847 3274; x_wconf 79' lang='lat' dir='ltr'>Ministri</span> <span class='ocrx_word' id='word_1_171' title='bbox 900 3199 1467 3300; x_wconf 72' lang='lat' dir='ltr'>consiliariique</span> <span class='ocrx_word' id='word_1_172' title='bbox 1509 3201 1585 3288; x_wconf 89' lang='lat' dir='ltr'>a)</span> <span class='ocrx_word' id='word_1_173' title='bbox 1632 3224 1787 3272; x_wconf 91' lang='lat' dir='ltr'>non</span> <span class='ocrx_word' id='word_1_174' title='bbox 1826 3197 2058 3272; x_wconf 90' lang='lat' dir='ltr'>modo</span> <span class='ocrx_word' id='word_1_175' title='bbox 2103 3197 2253 3292; x_wconf 87' lang='lat' dir='ltr'>nil,</span> 
     </span>
     <span class='ocr_line' id='line_1_28' title="bbox 172 3299 2255 3407; baseline 0.001 -34"><span class='ocrx_word' id='word_1_176' title='bbox 172 3301 684 3407; x_wconf 65' lang='lat' dir='ltr'>qu‘odlegibus</span> <span class='ocrx_word' id='word_1_177' title='bbox 704 3302 1002 3398; x_wconf 86' lang='lat' dir='ltr'>divinis,</span> <span class='ocrx_word' id='word_1_178' title='bbox 1029 3302 1228 3402; x_wconf 91' lang='lat' dir='ltr'>quod</span> <span class='ocrx_word' id='word_1_179' title='bbox 1257 3299 1613 3376; x_wconf 87' lang='lat' dir='ltr'>ecclesiae</span> <span class='ocrx_word' id='word_1_180' title='bbox 1636 3301 1943 3401; x_wconf 56' lang='lat' dir='ltr'>juribus»,</span> <span class='ocrx_word' id='word_1_181' title='bbox 1967 3318 2090 3376; x_wconf 87' lang='lat' dir='ltr'>aut</span> <span class='ocrx_word' id='word_1_182' title='bbox 2110 3305 2255 3377; x_wconf 85' lang='lat' dir='ltr'>rei·</span> 
     </span>
     <span class='ocr_line' id='line_1_29' title="bbox 166 3403 2314 3508; baseline 0.001 -32"><span class='ocrx_word' id='word_1_183' title='bbox 166 3403 515 3507; x_wconf 85' lang='lat' dir='ltr'>publicae</span> <span class='ocrx_word' id='word_1_184' title='bbox 552 3407 772 3482; x_wconf 87' lang='lat' dir='ltr'>saluti</span> <span class='ocrx_word' id='word_1_185' title='bbox 807 3435 959 3481; x_wconf 89' lang='lat' dir='ltr'>non</span> <span class='ocrx_word' id='word_1_186' title='bbox 1000 3419 1401 3507; x_wconf 63' lang='lat' dir='ltr'>congruat}</span> <span class='ocrx_word' id='word_1_187' title='bbox 1429 3420 1552 3477; x_wconf 86' lang='lat' dir='ltr'>aut</span> <span class='ocrx_word' id='word_1_188' title='bbox 1586 3405 1791 3503; x_wconf 90' lang='lat' dir='ltr'>quod</span> <span class='ocrx_word' id='word_1_189' title='bbox 1824 3405 2007 3479; x_wconf 90' lang='lat' dir='ltr'>boni</span> <span class='ocrx_word' id='word_1_190' title='bbox 2043 3408 2255 3508; x_wconf 84' lang='lat' dir='ltr'>prin·</span> <span class='ocrx_word' id='word_1_191' title='bbox 2309 3475 2314 3480; x_wconf 75' lang='grc'>,</span> 
     </span>
     <span class='ocr_line' id='line_1_30' title="bbox 171 3506 2249 3611; baseline -0.001 -27"><span class='ocrx_word' id='word_1_192' title='bbox 171 3511 366 3609; x_wconf 90' lang='lat' dir='ltr'>cipis</span> <span class='ocrx_word' id='word_1_193' title='bbox 440 3512 697 3588; x_wconf 85' lang='lat' dir='ltr'>officiis</span> <span class='ocrx_word' id='word_1_194' title='bbox 764 3529 1176 3611; x_wconf 86' lang='lat' dir='ltr'>repugnet,</span> <span class='ocrx_word' id='word_1_195' title='bbox 1258 3521 1585 3607; x_wconf 85' lang='lat' dir='ltr'>unquam</span> <span class='ocrx_word' id='word_1_196' title='bbox 1656 3506 2103 3608; x_wconf 80' lang='lat' dir='ltr'>consulant3</span> <span class='ocrx_word' id='word_1_197' title='bbox 2170 3510 2249 3601; x_wconf 89' lang='lat' dir='ltr'>b)</span> 
     </span>
     <span class='ocr_line' id='line_1_31' title="bbox 164 3610 2258 3690; baseline -0.001 -4"><span class='ocrx_word' id='word_1_198' title='bbox 164 3639 313 3687; x_wconf 87' lang='lat' dir='ltr'>nec</span> <span class='ocrx_word' id='word_1_199' title='bbox 366 3612 528 3689; x_wconf 85' lang='lat' dir='ltr'>aliis</span> <span class='ocrx_word' id='word_1_200' title='bbox 583 3616 750 3690; x_wconf 88' lang='lat' dir='ltr'>talia</span> <span class='ocrx_word' id='word_1_201' title='bbox 807 3612 1369 3689; x_wconf 82' lang='lat' dir='ltr'>consulentibus</span> <span class='ocrx_word' id='word_1_202' title='bbox 1428 3610 1578 3686; x_wconf 90' lang='lat' dir='ltr'>ullo</span> <span class='ocrx_word' id='word_1_203' title='bbox 1645 3613 1881 3688; x_wconf 88' lang='lat' dir='ltr'>modo</span> <span class='ocrx_word' id='word_1_204' title='bbox 1937 3638 2258 3689; x_wconf 85' lang='lat' dir='ltr'>consen·</span> 
     </span>
     <span class='ocr_line' id='line_1_32' title="bbox 166 3717 2255 3824; baseline -0.003 -32"><span class='ocrx_word' id='word_1_205' title='bbox 166 3719 356 3792; x_wconf 82' lang='lat' dir='ltr'>tiant</span> <span class='ocrx_word' id='word_1_206' title='bbox 371 3744 398 3813; x_wconf 84' lang='lat'>3</span> <span class='ocrx_word' id='word_1_207' title='bbox 426 3742 595 3794; x_wconf 74' lang='lat' dir='ltr'>‘nec</span> <span class='ocrx_word' id='word_1_208' title='bbox 638 3720 709 3817; x_wconf 91' lang='lat' dir='ltr'>e)</span> <span class='ocrx_word' id='word_1_209' title='bbox 748 3720 840 3794; x_wconf 87' lang='lat' dir='ltr'>ad</span> <span class='ocrx_word' id='word_1_210' title='bbox 877 3720 1037 3793; x_wconf 90' lang='lat' dir='ltr'>aliis</span> <span class='ocrx_word' id='word_1_211' title='bbox 1085 3717 1529 3820; x_wconf 87' lang='lat' dir='ltr'>placendum</span> <span class='ocrx_word' id='word_1_212' title='bbox 1570 3725 1824 3791; x_wconf 83' lang='lat' dir='ltr'>contra</span> <span class='ocrx_word' id='word_1_213' title='bbox 1865 3717 2255 3824; x_wconf 77' lang='lat' dir='ltr'>conscien-</span> 
     </span>
     <span class='ocr_line' id='line_1_33' title="bbox 161 3815 2257 3924; baseline -0.002 -31"><span class='ocrx_word' id='word_1_214' title='bbox 161 3825 310 3894; x_wconf 83' lang='lat' dir='ltr'>tiae</span> <span class='ocrx_word' id='word_1_215' title='bbox 344 3849 518 3897; x_wconf 87' lang='lat' dir='ltr'>suae</span> <span class='ocrx_word' id='word_1_216' title='bbox 558 3849 775 3898; x_wconf 88' lang='lat' dir='ltr'>sensa</span> <span class='ocrx_word' id='word_1_217' title='bbox 815 3824 1200 3924; x_wconf 85' lang='lat' dir='ltr'>quidpiam</span> <span class='ocrx_word' id='word_1_218' title='bbox 1232 3821 1636 3922; x_wconf 83' lang='lat' dir='ltr'>loquantur</span> <span class='ocrx_word' id='word_1_219' title='bbox 1672 3820 1793 3895; x_wconf 86' lang='lat' dir='ltr'>vel</span> <span class='ocrx_word' id='word_1_220' title='bbox 1826 3834 2075 3918; x_wconf 80' lang='lat' dir='ltr'>agant3</span> <span class='ocrx_word' id='word_1_221' title='bbox 2118 3815 2257 3890; x_wconf 87' lang='lat' dir='ltr'>sed.</span> 
     </span>
     <span class='ocr_line' id='line_1_34' title="bbox 165 3917 2254 4028; baseline -0.003 -30"><span class='ocrx_word' id='word_1_222' title='bbox 165 3924 236 4016; x_wconf 90' lang='lat' dir='ltr'>d)</span> <span class='ocrx_word' id='word_1_223' title='bbox 305 3927 439 4021; x_wconf 78' lang='lat' dir='ltr'>iis,</span> <span class='ocrx_word' id='word_1_224' title='bbox 496 3928 984 4028; x_wconf 74' lang='lat' dir='ltr'>quaecunque</span> <span class='ocrx_word' id='word_1_225' title='bbox 1032 3929 1274 4000; x_wconf 83' lang='lat' dir='ltr'>minus</span> <span class='ocrx_word' id='word_1_226' title='bbox 1330 3940 1534 4000; x_wconf 86' lang='lat' dir='ltr'>recta</span> <span class='ocrx_word' id='word_1_227' title='bbox 1588 3950 1917 4024; x_wconf 76' lang='lat' dir='ltr'>aequave</span> <span class='ocrx_word' id='word_1_228' title='bbox 1969 3917 2254 4019; x_wconf 87' lang='lat' dir='ltr'>judica-</span> 
     </span>
     <span class='ocr_line' id='line_1_35' title="bbox 162 4023 2248 4135; baseline -0.002 -32"><span class='ocrx_word' id='word_1_229' title='bbox 162 4030 452 4123; x_wconf 86' lang='lat' dir='ltr'>verint,</span> <span class='ocrx_word' id='word_1_230' title='bbox 508 4058 648 4133; x_wconf 92' lang='lat' dir='ltr'>pro</span> <span class='ocrx_word' id='word_1_231' title='bbox 709 4029 909 4108; x_wconf 86' lang='lat' dir='ltr'>virili</span> <span class='ocrx_word' id='word_1_232' title='bbox 950 4058 1028 4104; x_wconf 86' lang='lat' dir='ltr'>se</span> <span class='ocrx_word' id='word_1_233' title='bbox 1073 4023 1501 4135; x_wconf 78' lang='lat' dir='ltr'>opponant,</span> <span class='ocrx_word' id='word_1_234' title='bbox 1560 4043 1684 4100; x_wconf 88' lang='lat' dir='ltr'>aut</span> <span class='ocrx_word' id='word_1_235' title='bbox 1737 4042 1937 4099; x_wconf 89' lang='lat' dir='ltr'>certe</span> <span class='ocrx_word' id='word_1_236' title='bbox 1981 4028 2248 4122; x_wconf 79' lang='lat' dir='ltr'>justam</span> 
     </span>
     <span class='ocr_line' id='line_1_36' title="bbox 158 4130 2247 4235; baseline -0.002 -27"><span class='ocrx_word' id='word_1_237' title='bbox 158 4159 627 4235; x_wconf 84' lang='lat' dir='ltr'>aequamque</span> <span class='ocrx_word' id='word_1_238' title='bbox 682 4136 1132 4214; x_wconf 82' lang='lat' dir='ltr'>sententiam</span> <span class='ocrx_word' id='word_1_239' title='bbox 1190 4161 1396 4210; x_wconf 85' lang='lat' dir='ltr'>suam</span> <span class='ocrx_word' id='word_1_240' title='bbox 1450 4130 1766 4208; x_wconf 86' lang='lat' dir='ltr'>candide</span> <span class='ocrx_word' id='word_1_241' title='bbox 1809 4130 2247 4231; x_wconf 86' lang='lat' dir='ltr'>fortiterque</span> 
     </span>
    </p>
   </div>
   <div class='ocr_carea' id='block_1_7' title="bbox 255 4254 1568 4327">
    <p class='ocr_par' dir='ltr' id='par_1_8' title="bbox 255 4254 1568 4327">
     <span class='ocr_line' id='line_1_37' title="bbox 255 4254 1568 4327; baseline -0.005 -4"><span class='ocrx_word' id='word_1_242' title='bbox 255 4260 444 4325; x_wconf 79' lang='lat' dir='ltr'>Tam.</span> <span class='ocrx_word' id='word_1_243' title='bbox 488 4258 628 4327; x_wconf 89' lang='grc' dir='ltr'><strong><em>ΙΙΙ.</em></strong></span> <span class='ocrx_word' id='word_1_244' title='bbox 1509 4254 1568 4316; x_wconf 87' lang='grc' dir='ltr'><strong>Ε</strong></span> 
     </span>
    </p>
   </div>
  </div>
 </body>
</html>
