2846 4770
463 373 539 438 G.
576 372 637 437 1.
668 371 832 436 Art.
867 328 996 435 [VJ
1024 371 1133 443 De,
1162 334 1594 453 fact-amcino
1624 338 2114 458 poenitentiae.
2197 332 2384 460 879³.

321 539 470 626 ἢῆ)
503 542 686 604 Inter
706 540 1135 606 adminicula
1148 547 1612 625 poenitentiae
1629 556 1699 607 et
1715 543 2059 609 salutaris
2077 547 2327 611 contri·

325 652 330 655 ⁷
414 630 631 691 tionis
654 642 962 691 censetur
992 628 1289 712 inprimis
1313 635 1373 713 ι)
1410 634 1741 694 distincta
1764 633 2058 714 vivaque
2086 634 2332 715 cogni-

313 740 316 745 ·
413 716 515 776 tio
561 713 842 778 malitiae
885 713 1139 799 peccati
1186 715 1269 797 (§.
1319 717 1518 801 162.);
1580 719 1734 785 item
1778 717 2079 783 miseriae
2125 729 2326 780 status

413 803 670 883 peceati
709 800 790 883 (§.
829 806 1041 888 222.);
1100 801 1165 885 a)
1204 809 1551 887 genuinus
1587 818 1960 889 concaptus
1997 820 2064 868 et
2103 802 2331 865 distin-

413 899 517 948 cta
534 888 670 950 noti
681 887 761 950 tia
777 891 1055 951 divinae
1070 887 1496 968 sanctitatis,
1505 889 1848 969 justitiae,
1866 890 2327 955 misericordi·

233 1010 253 1016 a
309 1039 313 1041 Δ
414 994 534 1035 ae:
569 990 761 1059 atque
795 975 893 1035 illi
925 974 1332 1058 respondens
1362 975 1431 1056 5)
1458 976 1831 1039 reverentia
1862 995 1937 1037 ac
1960 981 2169 1040 timon
2189 975 2328 1036 Dei

410 1058 672 1141 efficax
687 1076 754 1123 et
767 1059 1005 1135 filialis,
1024 1062 1302 1146 genuina
1322 1084 1505 1144 spes,
1520 1064 1695 1147 'quae
1716 1063 1982 1127 fallaces
2000 1060 2328 1145 praesum·-

410 1147 627 1209 tiones
663 1148 1190 1233 'praejudiciaque
1228 1155 1313 1212 de
1355 1171 1602 1216 summa
1640 1150 2083 1233 poenitentiae
2120 1145 2330 1209 facili·

407 1244 542 1296 tate
580 1235 812 1316 procul
849 1236 1153 1310 excludat
1185 1234 1315 1318 64);
1362 1239 1433 1316 4)
1463 1240 1913 1320 praeparatio
1957 1237 2173 1299 animi
2206 1253 2330 1317 per
2406 1298 2418 1311 l

406 1320 627 1382 varios
658 1335 859 1394 actus,
901 1323 1125 1406 quales
1152 1321 1385 1405 sunta)
1417 1323 1704 1385 humilis
1720 1325 2147 1406 fervensque
2171 1340 2326 1382 ora-

408 1410 508 1466 tio
534 1408 618 1468 adx
645 1410 947 1492 spiritum
979 1410 1417 1492 poenitentiae
1455 1429 1490 1468 a
1522 1411 1669 1471 Deo
1706 1408 2216 1491 impetrandum3
2254 1403 2325 1489 b)

404 1491 617 1555 lectio
638 1498 742 1578 pia
760 1516 786 1570 3*
817 1510 884 1557 et
914 1493 976 1576 c)
1006 1496 1362 1559 meditatio
1396 1495 1772 1556 salutarium
1801 1498 2203 1573 veritatum,
2245 1490 2325 1553 ad

405 1578 689 1643 animum
730 1605 764 1643 a
804 1596 1078 1665 peccato
1118 1583 1543 1644 avertendum
1576 1595 1643 1644 et
1678 1580 1758 1641 ad
1793 1583 2006 1645 Deum
2049 1598 2331 1641 conver·-

403 1666 674 1728 tendum
734 1669 1029 1751 inprimis
1090 1668 1379 1744 utilium,
1443 1688 1504 1733 e.
1554 1689 1615 1751 g.
1661 1666 2001 1746 meditatio
2055 1662 2330 1726 novissi-

401 1773 657 1814 morum
727 1753 1197 1818 beneficiorum
1259 1777 1295 1817 a
1351 1758 1500 1818 Deo
1559 1766 2012 1836 acceptorum,
2088 1750 2332 1813 vanita-

400 1837 485 1899 tis
530 1840 852 1904 bonorum
898 1842 1395 1925 temporalium3
1431 1877 1520 1890 ·-
1555 1838 1622 1924 d)
1658 1861 1812 1903 usus
1837 1836 2325 1924 formularum

396 1927 814 1989 contritionis
859 1943 927 1991 et
973 1922 1332 2012 propositi3
1380 1950 1505 2013 qua
1548 1926 1616 1987 in
1661 1947 1735 1988 re
1779 1941 1995 1989 tamen
2041 1920 2326 1985 sollicite

402 2015 801 2090 cavendum,
861 2036 945 2078 ne
987 2014 1216 2081 ,earum
1270 2014 1412 2079 fors
1471 2012 1772 2078 recitatio
1820 2032 1943 2094 pro¹
1986 2011 2125 2092 ipsa
2169 2029 2328 2071 con..

403 2100 672 2164 tritione
714 2115 781 2164 et
818 2102 1013 2163 animi
1047 2103 1388 2186 proposito
1426 2102 1796 2179 habea‘tur3¹
1827 2099 1984 2161 item
2026 2095 2341 2179 inprimis⁸

401 2183 478 2266 5)
492 2189 805 2251 delectus
817 2191 1124 2271 prudens
1147 2192 1568 2273 eonfiwsarii
1585 2203 1702 2249 seu
1721 2186 1922 2268 patris
1944 2181 2321 2266 spiritualis,

402 2271 519 2355 qui
554 2272 638 2335 sit
673 2272 732 2355 a)
774 2273 1003 2336 doctus
1050 2274 1476 2357 doctrinaque
1513 2274 1737 2336 salutis
1780 2286 1848 2335 et
1886 2269 2170 2353 practica
2207 2268 2332 2330 ho-.
2364 2342 2365 2345 Ἴ

400 2357 644 2422 minum
692 2361 1064 2444 cognitione
1114 2362 1264 2423 satis
1312 2363 1705 2441 instructus3
1771 2357 1837 2441 b)
1885 2358 1953 2419 in
1996 2378 2073 2421 ea
2118 2354 2328 2439 appli-

401 2446 605 2509 canda
642 2448 1036 2530 prudenset
1072 2447 1305 2532 fortis3
1363 2452 1425 2534 c)
1469 2449 1731 2510 minime
1770 2445 2158 2529 indulgens,
2204 2441 2325 2516 sed

400 2532 551 2593 zelo
599 2549 667 2596 et
728 2534 973 2617 pietate
1033 2534 1403 2610 excellens3
1467 2550 1747 2597 attamen
1793 2534 1861 2619 d)
1910 2542 2281 2594 mansuetus
2301 2572 2325 2603 ,-

393 2618 685 2703 patiens,
752 2619 1031 2702 compati
1089 2618 1569 2682 infirmitatibus
1630 2622 1879 2693 sciens,
1944 2632 2014 2680 et
2070 2616 2153 2679 ad
2211 2636 2322 2679 eas

402 2706 715 2767 sanandas
759 2708 1011 2789 peritus
1057 2718 1506 2791 promtusque.
1552 2707 1834 2768 Interest
1868 2716 2087 2764 autem
2130 2721 2325 2786 quam

333 2851 336 2856 .
398 2792 783 2875 plurimum,
830 2804 936 2867 ut,
984 2792 1196 2877 quoad
1229 2790 1374 2854 fieri
1410 2806 1664 2875 potest,
1712 2787 2154 2854 confessarius
2185 2808 2324 2850 nou

401 2880 615 2941 solum
652 2879 951 2962 optimus,
991 2879 1107 2941 sed
1141 2893 1209 2941 et
1246 2879 1529 2941 stabilis
1554 2878 1865 2961 eligatur3
1908 2895 2052 2935 nam
2075 2866 2183 2935 hic
2207 2873 2326 2935 ‹le-

394 2988 570 3027 mum
606 2966 845 3030 sensim
878 2981 1083 3028 totum
1120 2966 1519 3049 poenitentis
1562 2962 1794 3027 statum
1834 2960 2147 3024 moralem
2185 2958 2332 3043 ple·
2364 2969 2365 2972 ’

388 3075 476 3115 ne
501 3068 913 3137 perspectum
938 3053 1200 3127 habere,
1240 3051 1556 3136 illumque
1582 3049 1747 3135 aptis
1770 3045 2081 3113 remediis
2103 3066 2325 3124 emen·-

397 3140 560 3202 dare
596 3162 670 3202 nc
713 3142 1159 3224 poenitentem
1199 3160 1332 3201 non
1374 3153 1617 3201 tantum
1656 3138 1737 3200 ad
1780 3135 2145 3222 perfectam
2188 3130 2323 3193 ani·

397 3227 493 3291 mi
536 3228 1038 3291 conversionem
1080 3247 1466 3309 morumque
1526 3224 2048 3288 emendationem
2096 3217 2323 3304 grada-

389 3314 518 3377 tim
555 3313 967 3397 perducere,
1026 3314 1144 3376 sed
1188 3312 1273 3375 ad
1315 3313 1626 3397 majorem
1672 3332 1880 3397 usque
1929 3306 2319 3372 christianae

399 3400 663 3464 virtutis
709 3400 982 3485 gradum
1037 3400 1407 3484 provehere
1455 3399 1735 3482 poterit,
1795 3397 1862 3460 id
1907 3393 2085 3483 quod
2126 3415 2163 3456 a
2205 3394 2323 3456 bo·

297 3546 304 3554 .
404 3489 508 3550 nis
545 3488 774 3559 etiam,
820 3503 885 3551 at
918 3508 1123 3571 usque
1163 3500 1230 3549 et
1261 3507 1469 3570 usque
1507 3486 1651 3548 aliis
1692 3480 2111 3549 confessariis
2145 3478 2320 3543 haud

400 3575 492 3636 ita
528 3575 852 3656 praestari
886 3595 1118 3657 posse,
1165 3573 1375 3657 quivis
1414 3572 1608 3637 facile
1647 3569 2082 3656 perspexerit.
2146 3564 2322 3657 Qua·

399 3683 476 3724 re
514 3676 766 3723 certum
802 3675 939 3736 est,
985 3663 1063 3723 ab
1099 3661 1226 3724 hoc
1265 3663 1506 3743 optimi
1539 3661 1953 3740 stabilisque
1990 3650 2326 3732 confessa--v

403 3748 489 3809 rii
520 3748 783 3811 delectu
815 3747 998 3810 felici
1031 3747 1287 3827 saepius
1320 3746 1569 3812 animae
1605 3747 1878 3809 salutem
1914 3754 1982 3804 et
2012 3740 2323 3806 virtutem

339 3867 340 3876 κ
403 3835 688 3918 plurium
747 3835 1059 3917 pendere.
1118 3836 1217 3907 ,Ει
1273 3833 1693 3895 nihilominus
1754 3830 1819 3913 6)
1874 3850 1961 3906 ea
2003 3838 2106 3889 est
2162 3844 2322 3909 quo-

401 3923 674 3985 rundam
708 3921 1181 4007 imprudentia,
1236 3922 1367 3985 imo
1410 3919 1736 3985 dementia
1774 3932 1841 3981 et
1873 3910 2200 4000 nequitia,
2248 3925 2325 3988 ut
2394 3961 2395 3966 κ

314 4213 426 4299 64)
477 4212 578 4281 cf.
617 4216 879 4281 Beneda
923 4213 1219 4282 Stactlor
1255 4212 1303 4281 14
1341 4213 1398 4276 c.³
1441 4206 1893 4295 §··7¹-··¹⁰⁵·
1951 4245 1955 4250 ·
