2846 4770
486 364 569 431 28
777 364 886 427 Do
924 361 1184 448 officiis
1219 374 1563 429 certorum
1597 375 1928 434 statuum.
1967 360 2145 431 Soet.
2182 362 2242 429 Ι.

655 557 740 602 ne
795 538 1089 620 'statuque
1145 535 1225 599 iis
1283 550 1702 621 congruente.
1775 532 1849 617 ’3)
1893 537 2027 598 Nos
2082 556 2223 602 rem
2281 555 2538 599 omnem

655 623 735 686 ad
793 625 1095 711 pauciora
1151 623 1357 707 capita
1410 636 1881 707 praecep-taque
1927 623 2411 697 contrahemus,
2468 637 2539 686 et

649 710 904 796 reliqua
938 711 1015 774 ab
1047 712 1158 783 iis,
1204 711 1313 797 qui
1345 709 1427 772 de
1462 709 1843 772 educatione
1878 729 1959 771 ex
1989 707 2284 791 professo
2319 722 2539 792 agunt,

653 799 934 880 petenda
997 800 1357 865 suademus.
1435 798 1709 859 Demum
1769 795 1835 876 5)
1899 796 2253 878 generatim
2314 791 2540 856 notan·

596 886 601 891 ’
652 882 824 958 dum,
872 897 1170 967 parentes
1206 904 1283 945 ea
1320 884 1548 956 omnia,
1584 902 2003 966 quaecunque
2038 882 2176 943 aliis
2210 895 2543 964 praestare

648 971 982 1042 tenemur,
1044 970 1278 1031 amoris
1327 968 1543 1031 officia
1578 969 1795 1052 utique
1837 968 1967 1029 suis
2013 968 2235 1030 liberis
2274 989 2355 1029 eo
2399 968 2550 1029 stri-

649 1054 812 1117 ctius
851 1056 1229 1139 impendere
1272 1055 1551 1129 debere,
1610 1075 1738 1138 quo
1777 1054 2057 1117 intimius
2097 1075 2240 1118 cum
2282 1053 2548 1130 liberis,⁴

651 1143 763 1226 qui
824 1163 1050 1209 eorum
1115 1141 1369 1228 sanguis
1446 1155 1514 1208 et
1575 1161 1727 1211 caro
1791 1158 1980 1217 sunt,
2056 1153 2545 1209 connectantur.

659 1225 743 1321 ‹.§·
785 1232 951 1317 140.)

1396 1392 1458 1482 §.
1503 1397 1650 1486 599.
1705 1410 1709 1415 ’

487 1519 741 1605 Officia
768 1536 1133 1607 parentum
1171 1524 1232 1606 1)
1271 1548 1437 1610 erga
1458 1527 1694 1607 proles
1712 1528 2045 1610 futuras,
2090 1523 2391 1588 nondum
2421 1541 2543 1603 aa·

1136 1623 1292 1692 tas,
1338 1624 1469 1674 aut
1506 1623 1906 1685 nascente-53

690 1784 975 1884 Qfficia
998 1805 1419 1884 parentum
1449 1802 1711 1862 vet-sus
1733 1787 2169 1885 liberosjam
2195 1783 2554 1884 quodam-

483 1888 714 1961 modo
753 1915 1009 1963 corum
1049 1895 1605 1988 generationem
1640 1890 2134 1992 praecedunt,
2188 1906 2310 1962 aut
2344 1904 2547 1964 certe

487 1991 579 2063 ab
626 2017 882 2065 eorum
938 2012 1308 2093 conceptu
1356 1997 1659 2095 capiunt
1708 1995 2002 2068 initium
2056 2010 2131 2067 et
2173 2018 2401 2092 usque
2456 1990 2555 2064 ad
2608 2014 2622 2024 ·

485 2093 946 2168 educationis
999 2097 1221 2171 finem
1274 2100 1618 2200 inprimis
1672 2099 2101 2200 perdurant.
2168 2100 2329 2171 Jam
2371 2117 2551 2170 vero

487 2198 692 2296 quod
719 2197 810 2269 ad
847 2200 1084 2273 officia
1114 2228 1283 2302 erga
1304 2205 1938 2304 prolesfaturcw,
1981 2217 2393 2298 conceptas
2413 2224 2557 2272 na·-

482 2302 936 2405 mentesque
968 2306 1251 2400 attinet,
1288 2308 1474 2383 haec
1502 2308 1859 2382 notanda:
1914 2312 1988 2397 1)
2014 2310 2365 2378 Parentes
2394 2329 2557 2375 om·-
2655 2350 2684 2406 ᾗ

483 2406 608 2478 nia
645 2434 729 2481 ea
763 2407 1083 2482 sollicite
1124 2430 1466 2508 caveant,
1511 2441 1697 2511 quae
1734 2412 2189 2510 impediunt,
2232 2432 2378 2505 quo
2417 2407 2559 2477 mi-

481 2535 637 2582 nus.
674 2537 892 2584 sanos
949 2515 1423 2614 optimosque
1477 2517 1688 2591 natos
1731 2517 2026 2614 gignere
2083 2511 2553 2606 educat-eque

481 2611 819 2692 valeantt
891 2643 1039 2715 quo
1083 2620 1423 2719 inprimis
1469 2648 1590 2712 ea,
1646 2644 1829 2717 quae
1876 2642 2146 2714 corpus
2192 2626 2555 2686 enervant

485 2718 1020 2819 sanitatemque
1063 2742 1588 2824 corrumpunt,
1655 2740 1779 2796 aut
1820 2722 1915 2794 ad
1964 2738 2172 2792 natos
2214 2717 2553 2788 infirmos

480 2817 900 2923 bardosque
939 2828 1345 2926 gignendos
1380 2830 1816 2920 conferunt,
1870 2825 2048 2898 vitia
2090 2819 2303 2918 gulae
2342 2844 2555 2918 prae·

481 2928 779 3019 sertim,
834 2930 1214 3032 crapulae,
1282 2929 1661 3022 luxuriae,
1732 2924 2197 3016 iracundiae,
2254 2921 2549 3019 aliaque

478 3030 926 3109 referuntur.
1017 3044 1098 3122 2)
1167 3038 1388 3106 Prole
1459 3044 1821 3127 concepta
1883 3030 2137 3100 mater·
2204 3025 2574 3125 inprimis

454 3134 730 3222 *omnia
784 3134 912 3204 illa
980 3149 1191 3205 caute
1248 3130 1617 3224 declinet,
1677 3157 1875 3230 ‘quae
1929 3132 2127 3204 vitae
2182 3130 2550 3227 salutique

481 3231 714 3332 prolis
772 3233 990 3305 noxia
1061 3261 1219 3308 esse
1284 3252 1633 3333 possunt,
1705 3263 1768 3309 e.
1828 3264 1894 3335 g.¹
1952 3235 2548 3310 vehementiores

481 3337 677 3425 irae,
732 3337 1118 3428 tristitiae,
1173 3340 1462 3412 timoris
1522 3339 1988 3431 affectiones,
2042 3339 2251 3411 cibos
2297 3355 2547 3438 potus-

483 3463 624 3536 que
673 3438 1124 3536 insalubres,
1180 3443 1778 3519 vehementiores
1829 3444 2167 3543 corporis
2221 3466 2551 3515 commo-

479 3544 748 3618 tiones.
826 3548 898 3635 3)
957 3546 1200 3622 Patet·
1247 3548 1429 3620 item
1486 3576 1635 3621 non
1689 3549 1915 3623 modo
1970 3546 2165 3646 proli
2219 3545 2550 3644 conjugi·

484 3673 627 3746 que
674 3649 891 3721 noxia
933 3676 1070 3748 pro
1115 3652 1308 3723 virili
1351 3669 1672 3744 avertat,
1726 3654 1863 3727 sed
1907 3653 2128 3724 etiam
2173 3676 2545 3747 quaecun-

486 3777 629 3849 que
683 3755 897 3824 matri
953 3755 1331 3855 foetu'ique
1386 3736 2160 3854 salutaria⁸procuren
2232 3763 2312 3840 4)
2368 3756 2545 3825 Par·

481 3871 562 3927 tu
604 3856 1583 3958 instante.parens·uterque
1630 3860 1857 3960 prolis
1902 3858 2318 3932 nasciturae
2358 3854 2552 3930 salu·

488 3958 547 4033 ti
598 3973 752 4030 tum
811 3964 1182 4062 corporali
1241 3980 1397 4036 tum
1464 3963 1832 4065 spirituali
1885 3961 2205 4037 sollicite
2258 3960 2553 4063 prospi-

490 4062 673 4142 ciat3
738 4090 878 4137 nec
917 4069 1155 4142 solum
1200 4093 1320 4158 ea,
1376 4094 1563 4166 quae
1608 4071 1704 4143 ad
1739 4066 2104 4141 edendam
2147 4063 2345 4140 felici
2387 4089 2555 4163 par-

485 4184 564 4240 tu
617 4163 909 4267 prolem
963 4196 1272 4274 eamque
1325 4200 1463 4276 per
1506 4170 1818 4249 salutare
1865 4172 2247 4251 lavacrum
2293 4183 2558 4271 quant-
