<?xml version="1.0" encoding="UTF-8"?>
<!DOCTYPE html PUBLIC "-//W3C//DTD XHTML 1.0 Transitional//EN"
    "http://www.w3.org/TR/xhtml1/DTD/xhtml1-transitional.dtd">
<html xmlns="http://www.w3.org/1999/xhtml" xml:lang="en" lang="en">
 <head>
  <title>
</title>
<meta http-equiv="Content-Type" content="text/html;charset=utf-8" />
  <meta name='ocr-system' content='tesseract 3.04.00' />
  <meta name='ocr-capabilities' content='ocr_page ocr_carea ocr_par ocr_line ocrx_word'/>
</head>
<body>
  <div class='ocr_page' id='page_1' title='image "./ethicachristian00schegoog_0178.png"; bbox 0 0 2846 4770; ppageno 0'>
   <div class='ocr_carea' id='block_1_1' title="bbox 527 348 2601 443">
    <p class='ocr_par' dir='ltr' id='par_1_1' title="bbox 527 348 2601 443">
     <span class='ocr_line' id='line_1_1' title="bbox 527 348 2601 443; baseline -0.004 -23"><span class='ocrx_word' id='word_1_1' title='bbox 527 356 644 422; x_wconf 80' lang='lat'>162</span> <span class='ocrx_word' id='word_1_2' title='bbox 670 355 920 443; x_wconf 74' lang='lat' dir='ltr'>Officia</span> <span class='ocrx_word' id='word_1_3' title='bbox 941 350 1223 435; x_wconf 80' lang='lat' dir='ltr'>special.</span> <span class='ocrx_word' id='word_1_4' title='bbox 1243 361 1409 419; x_wconf 77' lang='lat' dir='ltr'>cert.</span> <span class='ocrx_word' id='word_1_5' title='bbox 1431 361 1636 416; x_wconf 80' lang='lat' dir='ltr'>aetat.</span> <span class='ocrx_word' id='word_1_6' title='bbox 1657 350 1914 414; x_wconf 80' lang='lat' dir='ltr'>condit.</span> <span class='ocrx_word' id='word_1_7' title='bbox 1939 359 2067 410; x_wconf 83' lang='lat' dir='ltr'>etc.</span> <span class='ocrx_word' id='word_1_8' title='bbox 2091 349 2274 412; x_wconf 72' lang='lat' dir='ltr'>hom.</span> <span class='ocrx_word' id='word_1_9' title='bbox 2299 348 2481 414; x_wconf 64' lang='grc' dir='ltr'><strong><em>ὅσοι.</em></strong></span> <span class='ocrx_word' id='word_1_10' title='bbox 2499 348 2601 412; x_wconf 88' lang='grc' dir='ltr'>ΙΙ.</span> 
     </span>
    </p>
   </div>
   <div class='ocr_carea' id='block_1_2' title="bbox 521 522 2616 830">
    <p class='ocr_par' dir='ltr' id='par_1_2' title="bbox 521 522 2616 830">
     <span class='ocr_line' id='line_1_2' title="bbox 526 522 2616 627; baseline -0.004 -22"><span class='ocrx_word' id='word_1_11' title='bbox 526 546 642 605; x_wconf 85' lang='lat' dir='ltr'>rat</span> <span class='ocrx_word' id='word_1_12' title='bbox 656 557 681 626; x_wconf 84' lang='lat'>3</span> <span class='ocrx_word' id='word_1_13' title='bbox 719 534 788 620; x_wconf 86' lang='lat' dir='ltr'>c)</span> <span class='ocrx_word' id='word_1_14' title='bbox 811 551 1163 623; x_wconf 89' lang='lat' dir='ltr'>suamque</span> <span class='ocrx_word' id='word_1_15' title='bbox 1185 523 1625 597; x_wconf 88' lang='lat' dir='ltr'>sententiam</span> <span class='ocrx_word' id='word_1_16' title='bbox 1642 526 2075 627; x_wconf 56' lang='lat' dir='ltr'>praecipssa</span> <span class='ocrx_word' id='word_1_17' title='bbox 2098 527 2333 594; x_wconf 69' lang='lat' dir='ltr'>animi</span> <span class='ocrx_word' id='word_1_18' title='bbox 2351 522 2616 597; x_wconf 84' lang='lat' dir='ltr'>mode-</span> 
     </span>
     <span class='ocr_line' id='line_1_3' title="bbox 521 626 2610 722; baseline -0.004 -16"><span class='ocrx_word' id='word_1_19' title='bbox 521 638 674 707; x_wconf 80' lang='lat' dir='ltr'>stia</span> <span class='ocrx_word' id='word_1_20' title='bbox 722 646 998 704; x_wconf 81' lang='lat' dir='ltr'><strong>asserat</strong></span> <span class='ocrx_word' id='word_1_21' title='bbox 1053 644 1130 702; x_wconf 89' lang='lat' dir='ltr'>et</span> <span class='ocrx_word' id='word_1_22' title='bbox 1180 644 1508 722; x_wconf 82' lang='lat' dir='ltr'>tueatur3</span> <span class='ocrx_word' id='word_1_23' title='bbox 1564 653 1705 700; x_wconf 92' lang='lat' dir='ltr'>nec</span> <span class='ocrx_word' id='word_1_24' title='bbox 1760 627 1835 716; x_wconf 96' lang='lat' dir='ltr'>d)</span> <span class='ocrx_word' id='word_1_25' title='bbox 1890 626 2300 699; x_wconf 87' lang='lat' dir='ltr'>obstinatus</span> <span class='ocrx_word' id='word_1_26' title='bbox 2358 626 2610 698; x_wconf 92' lang='lat' dir='ltr'>eidem</span> 
     </span>
     <span class='ocr_line' id='line_1_4' title="bbox 522 731 2616 830; baseline -0.004 -20"><span class='ocrx_word' id='word_1_27' title='bbox 522 738 856 830; x_wconf 82' lang='lat' dir='ltr'>insistat3</span> <span class='ocrx_word' id='word_1_28' title='bbox 909 733 1040 806; x_wconf 88' lang='lat' dir='ltr'>sed</span> <span class='ocrx_word' id='word_1_29' title='bbox 1087 740 1160 825; x_wconf 97' lang='lat' dir='ltr'>e)</span> <span class='ocrx_word' id='word_1_30' title='bbox 1213 733 1529 804; x_wconf 88' lang='lat' dir='ltr'>aliorum</span> <span class='ocrx_word' id='word_1_31' title='bbox 1578 732 1903 804; x_wconf 87' lang='lat' dir='ltr'>rationes</span> <span class='ocrx_word' id='word_1_32' title='bbox 1952 731 2251 818; x_wconf 90' lang='lat' dir='ltr'>audire,</span> <span class='ocrx_word' id='word_1_33' title='bbox 2306 757 2616 829; x_wconf 83' lang='lat' dir='ltr'>semper</span> 
     </span>
    </p>
   </div>
   <div class='ocr_carea' id='block_1_3' title="bbox 477 834 2610 934">
    <p class='ocr_par' dir='ltr' id='par_1_3' title="bbox 477 834 2610 934">
     <span class='ocr_line' id='line_1_5' title="bbox 477 834 2610 934; baseline -0.004 -19"><span class='ocrx_word' id='word_1_34' title='bbox 477 834 814 915; x_wconf 60' lang='lat' dir='ltr'>‘saniora</span> <span class='ocrx_word' id='word_1_35' title='bbox 871 836 1171 910; x_wconf 82' lang='lat' dir='ltr'>edoceri</span> <span class='ocrx_word' id='word_1_36' title='bbox 1243 839 1532 913; x_wconf 80' lang='lat' dir='ltr'>sincere</span> <span class='ocrx_word' id='word_1_37' title='bbox 1589 836 1879 934; x_wconf 83' lang='lat' dir='ltr'>cupiat3</span> <span class='ocrx_word' id='word_1_38' title='bbox 1953 851 2026 906; x_wconf 91' lang='lat' dir='ltr'>et</span> <span class='ocrx_word' id='word_1_39' title='bbox 2077 836 2144 926; x_wconf 87' lang='lat' dir='ltr'>f)</span> <span class='ocrx_word' id='word_1_40' title='bbox 2201 834 2292 906; x_wconf 89' lang='lat' dir='ltr'>de</span> <span class='ocrx_word' id='word_1_41' title='bbox 2352 860 2610 907; x_wconf 90' lang='lat' dir='ltr'>errore</span> 
     </span>
    </p>
   </div>
   <div class='ocr_carea' id='block_1_4' title="bbox 515 936 2622 2909">
    <p class='ocr_par' dir='ltr' id='par_1_4' title="bbox 515 936 2622 2909">
     <span class='ocr_line' id='line_1_6' title="bbox 520 936 2612 1038; baseline -0.004 -20"><span class='ocrx_word' id='word_1_42' title='bbox 520 947 675 1018; x_wconf 87' lang='lat' dir='ltr'>fors</span> <span class='ocrx_word' id='word_1_43' title='bbox 732 943 1121 1015; x_wconf 88' lang='lat' dir='ltr'>convictus</span> <span class='ocrx_word' id='word_1_44' title='bbox 1190 967 1356 1013; x_wconf 90' lang='lat' dir='ltr'>eum</span> <span class='ocrx_word' id='word_1_45' title='bbox 1432 941 1801 1037; x_wconf 83' lang='lat' dir='ltr'>corrigere</span> <span class='ocrx_word' id='word_1_46' title='bbox 1871 936 2319 1038; x_wconf 90' lang='lat' dir='ltr'>publiceque</span> <span class='ocrx_word' id='word_1_47' title='bbox 2379 940 2612 1011; x_wconf 88' lang='lat' dir='ltr'>etiam</span> 
     </span>
     <span class='ocr_line' id='line_1_7' title="bbox 521 1041 2618 1137; baseline -0.004 -16"><span class='ocrx_word' id='word_1_48' title='bbox 521 1063 927 1122; x_wconf 89' lang='lat' dir='ltr'>retractare</span> <span class='ocrx_word' id='word_1_49' title='bbox 971 1071 1124 1117; x_wconf 91' lang='lat' dir='ltr'>non</span> <span class='ocrx_word' id='word_1_50' title='bbox 1175 1044 1467 1137; x_wconf 79' lang='lat' dir='ltr'>dubitet</span> <span class='ocrx_word' id='word_1_51' title='bbox 1516 1044 1930 1117; x_wconf 88' lang='lat' dir='ltr'>secundum</span> <span class='ocrx_word' id='word_1_52' title='bbox 1978 1043 2164 1114; x_wconf 89' lang='lat' dir='ltr'>illud</span> <span class='ocrx_word' id='word_1_53' title='bbox 2212 1041 2347 1132; x_wconf 75' lang='lat'><strong>2⁸):</strong></span> <span class='ocrx_word' id='word_1_54' title='bbox 2433 1051 2618 1116; x_wconf 79' lang='lat' dir='ltr'>»Ar-</span> 
     </span>
     <span class='ocr_line' id='line_1_8' title="bbox 528 1146 2616 1251; baseline -0.005 -24"><span class='ocrx_word' id='word_1_55' title='bbox 528 1178 715 1251; x_wconf 75' lang='lat' dir='ltr'>»gue</span> <span class='ocrx_word' id='word_1_56' title='bbox 770 1151 1179 1248; x_wconf 83' lang='lat' dir='ltr'>sapientem</span> <span class='ocrx_word' id='word_1_57' title='bbox 1242 1165 1313 1231; x_wconf 89' lang='lat' dir='ltr'>et</span> <span class='ocrx_word' id='word_1_58' title='bbox 1370 1146 1631 1245; x_wconf 85' lang='lat' dir='ltr'>diliget</span> <span class='ocrx_word' id='word_1_59' title='bbox 1684 1166 1781 1223; x_wconf 84' lang='lat' dir='ltr'>te.</span> <span class='ocrx_word' id='word_1_60' title='bbox 1857 1150 1965 1220; x_wconf 90' lang='lat' dir='ltr'>Da</span> <span class='ocrx_word' id='word_1_61' title='bbox 2020 1147 2336 1244; x_wconf 83' lang='lat' dir='ltr'>sapienti</span> <span class='ocrx_word' id='word_1_62' title='bbox 2396 1171 2616 1218; x_wconf 90' lang='lat' dir='ltr'>occa-</span> 
     </span>
     <span class='ocr_line' id='line_1_9' title="bbox 528 1251 2614 1350; baseline -0.005 -18"><span class='ocrx_word' id='word_1_63' title='bbox 528 1256 910 1344; x_wconf 70' lang='lat' dir='ltr'>nsionem,</span> <span class='ocrx_word' id='word_1_64' title='bbox 988 1269 1064 1324; x_wconf 91' lang='lat' dir='ltr'>et</span> <span class='ocrx_word' id='word_1_65' title='bbox 1118 1252 1437 1325; x_wconf 82' lang='lat' dir='ltr'>addetur</span> <span class='ocrx_word' id='word_1_66' title='bbox 1493 1255 1561 1324; x_wconf 94' lang='lat' dir='ltr'>ei</span> <span class='ocrx_word' id='word_1_67' title='bbox 1617 1251 1997 1350; x_wconf 72' lang='lat' dir='ltr'>sapientia.</span> <span class='ocrx_word' id='word_1_68' title='bbox 2074 1254 2280 1323; x_wconf 88' lang='lat' dir='ltr'>Doce</span> <span class='ocrx_word' id='word_1_69' title='bbox 2332 1253 2614 1345; x_wconf 86' lang='lat' dir='ltr'>justum</span> 
     </span>
     <span class='ocr_line' id='line_1_10' title="bbox 527 1353 2618 1457; baseline -0.005 -21"><span class='ocrx_word' id='word_1_70' title='bbox 527 1377 653 1436; x_wconf 73' lang='lat' dir='ltr'>»et</span> <span class='ocrx_word' id='word_1_71' title='bbox 704 1356 1087 1431; x_wconf 70' lang='lat' dir='ltr'>festinabit</span> <span class='ocrx_word' id='word_1_72' title='bbox 1143 1358 1512 1457; x_wconf 86' lang='lat' dir='ltr'>accipere.</span> <span class='ocrx_word' id='word_1_73' title='bbox 1585 1357 1720 1455; x_wconf 89' lang='lat' dir='ltr'>Via</span> <span class='ocrx_word' id='word_1_74' title='bbox 1778 1353 1980 1428; x_wconf 70' lang='lat' dir='ltr'>stulti</span> <span class='ocrx_word' id='word_1_75' title='bbox 2038 1371 2238 1427; x_wconf 81' lang='lat' dir='ltr'>recta</span> <span class='ocrx_word' id='word_1_76' title='bbox 2305 1353 2380 1424; x_wconf 88' lang='lat' dir='ltr'>in</span> <span class='ocrx_word' id='word_1_77' title='bbox 2441 1380 2618 1427; x_wconf 91' lang='lat' dir='ltr'>ocu-</span> 
     </span>
     <span class='ocr_line' id='line_1_11' title="bbox 530 1457 2612 1561; baseline -0.002 -23"><span class='ocrx_word' id='word_1_78' title='bbox 530 1461 672 1538; x_wconf 78' lang='lat' dir='ltr'>»lis</span> <span class='ocrx_word' id='word_1_79' title='bbox 713 1464 915 1558; x_wconf 86' lang='lat' dir='ltr'>ejus;</span> <span class='ocrx_word' id='word_1_80' title='bbox 971 1461 1093 1557; x_wconf 90' lang='lat' dir='ltr'>qui</span> <span class='ocrx_word' id='word_1_81' title='bbox 1135 1478 1377 1533; x_wconf 90' lang='lat' dir='ltr'>autem</span> <span class='ocrx_word' id='word_1_82' title='bbox 1421 1461 1720 1559; x_wconf 90' lang='lat' dir='ltr'>sapiens</span> <span class='ocrx_word' id='word_1_83' title='bbox 1764 1476 1914 1550; x_wconf 90' lang='lat' dir='ltr'>est,</span> <span class='ocrx_word' id='word_1_84' title='bbox 1972 1459 2180 1531; x_wconf 91' lang='lat' dir='ltr'>audit</span> <span class='ocrx_word' id='word_1_85' title='bbox 2209 1457 2612 1561; x_wconf 12' lang='lat' dir='ltr'>tconsilia«</span> 
     </span>
     <span class='ocr_line' id='line_1_12' title="bbox 527 1564 2612 1663; baseline -0.002 -26"><span class='ocrx_word' id='word_1_86' title='bbox 527 1566 606 1663; x_wconf 71' lang='grc'>8)</span> <span class='ocrx_word' id='word_1_87' title='bbox 632 1566 1054 1638; x_wconf 80' lang='lat' dir='ltr'>Contraria</span> <span class='ocrx_word' id='word_1_88' title='bbox 1080 1568 1498 1637; x_wconf 79' lang='lat' dir='ltr'>sentientes</span> <span class='ocrx_word' id='word_1_89' title='bbox 1533 1565 1903 1663; x_wconf 84' lang='lat' dir='ltr'>patienter</span> <span class='ocrx_word' id='word_1_90' title='bbox 1933 1588 2318 1661; x_wconf 81' lang='lat' dir='ltr'>aequoque</span> <span class='ocrx_word' id='word_1_91' title='bbox 2357 1564 2612 1634; x_wconf 91' lang='lat' dir='ltr'>animo</span> 
     </span>
     <span class='ocr_line' id='line_1_13' title="bbox 521 1668 2610 1765; baseline -0.002 -23"><span class='ocrx_word' id='word_1_92' title='bbox 521 1670 719 1744; x_wconf 86' lang='lat' dir='ltr'>ferat</span> <span class='ocrx_word' id='word_1_93' title='bbox 761 1685 835 1740; x_wconf 90' lang='lat' dir='ltr'>et</span> <span class='ocrx_word' id='word_1_94' title='bbox 875 1686 1083 1741; x_wconf 87' lang='lat' dir='ltr'>certo</span> <span class='ocrx_word' id='word_1_95' title='bbox 1125 1670 1349 1740; x_wconf 91' lang='lat' dir='ltr'>etiam</span> <span class='ocrx_word' id='word_1_96' title='bbox 1395 1687 1726 1745; x_wconf 85' lang='lat' dir='ltr'>errantes</span> <span class='ocrx_word' id='word_1_97' title='bbox 1776 1668 2095 1765; x_wconf 87' lang='lat' dir='ltr'>benigne</span> <span class='ocrx_word' id='word_1_98' title='bbox 2139 1668 2610 1764; x_wconf 84' lang='lat' dir='ltr'>comiterque</span> 
     </span>
     <span class='ocr_line' id='line_1_14' title="bbox 522 1771 2618 1865; baseline -0.002 -20"><span class='ocrx_word' id='word_1_99' title='bbox 522 1775 893 1845; x_wconf 88' lang='lat' dir='ltr'>instruere</span> <span class='ocrx_word' id='word_1_100' title='bbox 936 1790 1009 1844; x_wconf 92' lang='lat' dir='ltr'>et</span> <span class='ocrx_word' id='word_1_101' title='bbox 1049 1772 1358 1845; x_wconf 86' lang='lat' dir='ltr'>meliora</span> <span class='ocrx_word' id='word_1_102' title='bbox 1412 1771 1686 1845; x_wconf 89' lang='lat' dir='ltr'>docere</span> <span class='ocrx_word' id='word_1_103' title='bbox 1728 1788 2038 1846; x_wconf 88' lang='lat' dir='ltr'>conetur</span> <span class='ocrx_word' id='word_1_104' title='bbox 2063 1799 2085 1865; x_wconf 89' lang='lat'>;</span> <span class='ocrx_word' id='word_1_105' title='bbox 2140 1771 2449 1844; x_wconf 90' lang='lat' dir='ltr'>eosdem</span> <span class='ocrx_word' id='word_1_106' title='bbox 2492 1798 2618 1842; x_wconf 88' lang='lat' dir='ltr'>au·</span> 
     </span>
     <span class='ocr_line' id='line_1_15' title="bbox 524 1874 2616 1975; baseline -0.002 -24"><span class='ocrx_word' id='word_1_107' title='bbox 524 1896 675 1951; x_wconf 89' lang='lat' dir='ltr'>tem</span> <span class='ocrx_word' id='word_1_108' title='bbox 721 1902 1142 1975; x_wconf 80' lang='lat' dir='ltr'>spernere,</span> <span class='ocrx_word' id='word_1_109' title='bbox 1174 1877 1540 1948; x_wconf 84' lang='lat' dir='ltr'>morosius</span> <span class='ocrx_word' id='word_1_110' title='bbox 1584 1874 1972 1974; x_wconf 84' lang='lat' dir='ltr'>sugillare,</span> <span class='ocrx_word' id='word_1_111' title='bbox 2030 1875 2334 1947; x_wconf 88' lang='lat' dir='ltr'>inimico</span> <span class='ocrx_word' id='word_1_112' title='bbox 2380 1875 2616 1948; x_wconf 87' lang='lat' dir='ltr'>modo</span> 
     </span>
     <span class='ocr_line' id='line_1_16' title="bbox 523 1979 2614 2079; baseline -0.001 -26"><span class='ocrx_word' id='word_1_113' title='bbox 523 1979 919 2070; x_wconf 87' lang='lat' dir='ltr'>insectari,</span> <span class='ocrx_word' id='word_1_114' title='bbox 991 1995 1117 2051; x_wconf 89' lang='lat' dir='ltr'>aut</span> <span class='ocrx_word' id='word_1_115' title='bbox 1171 1979 1346 2051; x_wconf 89' lang='lat' dir='ltr'>odio</span> <span class='ocrx_word' id='word_1_116' title='bbox 1402 1979 1662 2077; x_wconf 91' lang='lat' dir='ltr'>iniquo</span> <span class='ocrx_word' id='word_1_117' title='bbox 1718 1981 2068 2079; x_wconf 79' lang='lat' dir='ltr'>persequi</span> <span class='ocrx_word' id='word_1_118' title='bbox 2125 1980 2370 2068; x_wconf 86' lang='lat' dir='ltr'>nefas,</span> <span class='ocrx_word' id='word_1_119' title='bbox 2445 1996 2523 2051; x_wconf 77' lang='lat' dir='ltr'>et</span> <span class='ocrx_word' id='word_1_120' title='bbox 2579 2007 2614 2050; x_wconf 91' lang='lat' dir='ltr'>a</span> 
     </span>
     <span class='ocr_line' id='line_1_17' title="bbox 522 2081 2613 2181; baseline -0 -27"><span class='ocrx_word' id='word_1_121' title='bbox 522 2084 709 2174; x_wconf 83' lang='lat' dir='ltr'>viri,</span> <span class='ocrx_word' id='word_1_122' title='bbox 768 2081 1042 2154; x_wconf 90' lang='lat' dir='ltr'>eruditi</span> <span class='ocrx_word' id='word_1_123' title='bbox 1097 2083 1482 2181; x_wconf 86' lang='lat' dir='ltr'>inprimis,</span> <span class='ocrx_word' id='word_1_124' title='bbox 1555 2086 2018 2156; x_wconf 83' lang='lat' dir='ltr'>humanitate</span> <span class='ocrx_word' id='word_1_125' title='bbox 2076 2081 2613 2155; x_wconf 88' lang='lat' dir='ltr'>alienissimum</span> 
     </span>
     <span class='ocr_line' id='line_1_18' title="bbox 519 2184 2614 2285; baseline 0.001 -27"><span class='ocrx_word' id='word_1_126' title='bbox 519 2186 810 2266; x_wconf 84' lang='lat' dir='ltr'>habeat.</span> <span class='ocrx_word' id='word_1_127' title='bbox 883 2184 962 2281; x_wconf 86' lang='lat'>9)</span> <span class='ocrx_word' id='word_1_128' title='bbox 1008 2189 1409 2285; x_wconf 85' lang='lat' dir='ltr'>Nunquam</span> <span class='ocrx_word' id='word_1_129' title='bbox 1465 2186 1536 2283; x_wconf 87' lang='lat' dir='ltr'>a)</span> <span class='ocrx_word' id='word_1_130' title='bbox 1575 2202 1852 2260; x_wconf 74' lang='lat' dir='ltr'>eontra</span> <span class='ocrx_word' id='word_1_131' title='bbox 1907 2201 2232 2259; x_wconf 89' lang='lat' dir='ltr'>mentem</span> <span class='ocrx_word' id='word_1_132' title='bbox 2286 2192 2614 2260; x_wconf 83' lang='lat' dir='ltr'>animive</span> 
     </span>
     <span class='ocr_line' id='line_1_19' title="bbox 515 2283 2614 2391; baseline 0 -28"><span class='ocrx_word' id='word_1_133' title='bbox 515 2295 1101 2389; x_wconf 79' lang='lat' dir='ltr'>persuasionem</span> <span class='ocrx_word' id='word_1_134' title='bbox 1133 2289 1521 2390; x_wconf 89' lang='lat' dir='ltr'>quidpiam</span> <span class='ocrx_word' id='word_1_135' title='bbox 1555 2283 1873 2380; x_wconf 60' lang='lat' dir='ltr'>asserat,</span> <span class='ocrx_word' id='word_1_136' title='bbox 1897 2288 2169 2391; x_wconf 90' lang='lat' dir='ltr'>probet</span> <span class='ocrx_word' id='word_1_137' title='bbox 2197 2291 2614 2383; x_wconf 77' lang='lat' dir='ltr'>scribatve3</span> 
     </span>
     <span class='ocr_line' id='line_1_20' title="bbox 518 2392 2617 2493; baseline -0.001 -26"><span class='ocrx_word' id='word_1_138' title='bbox 518 2395 601 2485; x_wconf 88' lang='lat' dir='ltr'>b)</span> <span class='ocrx_word' id='word_1_139' title='bbox 626 2392 993 2493; x_wconf 90' lang='lat' dir='ltr'>quidquid</span> <span class='ocrx_word' id='word_1_140' title='bbox 1022 2411 1265 2467; x_wconf 89' lang='lat' dir='ltr'>autem</span> <span class='ocrx_word' id='word_1_141' title='bbox 1292 2395 1473 2467; x_wconf 85' lang='lat' dir='ltr'>utile</span> <span class='ocrx_word' id='word_1_142' title='bbox 1498 2395 1786 2487; x_wconf 88' lang='lat' dir='ltr'>didicit,</span> <span class='ocrx_word' id='word_1_143' title='bbox 1815 2398 1976 2469; x_wconf 90' lang='lat' dir='ltr'>sine</span> <span class='ocrx_word' id='word_1_144' title='bbox 1999 2396 2278 2468; x_wconf 89' lang='lat' dir='ltr'>invidia</span> <span class='ocrx_word' id='word_1_145' title='bbox 2307 2413 2380 2468; x_wconf 87' lang='lat' dir='ltr'>et</span> <span class='ocrx_word' id='word_1_146' title='bbox 2402 2398 2617 2468; x_wconf 89' lang='lat' dir='ltr'>dissi-</span> 
     </span>
     <span class='ocr_line' id='line_1_21' title="bbox 520 2496 2619 2597; baseline 0 -27"><span class='ocrx_word' id='word_1_147' title='bbox 520 2498 929 2570; x_wconf 86' lang='lat' dir='ltr'>mulatione</span> <span class='ocrx_word' id='word_1_148' title='bbox 975 2523 1142 2570; x_wconf 88' lang='lat' dir='ltr'>cum</span> <span class='ocrx_word' id='word_1_149' title='bbox 1190 2496 1353 2570; x_wconf 90' lang='lat' dir='ltr'>aliis</span> <span class='ocrx_word' id='word_1_150' title='bbox 1400 2501 1943 2597; x_wconf 71' lang='lat' dir='ltr'>communicet3</span> <span class='ocrx_word' id='word_1_151' title='bbox 2011 2517 2328 2573; x_wconf 88' lang='lat' dir='ltr'>attamen</span> <span class='ocrx_word' id='word_1_152' title='bbox 2378 2506 2455 2593; x_wconf 92' lang='lat' dir='ltr'>c)</span> <span class='ocrx_word' id='word_1_153' title='bbox 2502 2526 2619 2573; x_wconf 77' lang='lat' dir='ltr'>ve-</span> 
     </span>
     <span class='ocr_line' id='line_1_22' title="bbox 520 2602 2622 2702; baseline 0 -27"><span class='ocrx_word' id='word_1_154' title='bbox 520 2627 623 2675; x_wconf 77' lang='lat' dir='ltr'>ra</span> <span class='ocrx_word' id='word_1_155' title='bbox 652 2602 869 2673; x_wconf 89' lang='lat' dir='ltr'>etiam</span> <span class='ocrx_word' id='word_1_156' title='bbox 900 2627 996 2674; x_wconf 89' lang='lat' dir='ltr'>ea</span> <span class='ocrx_word' id='word_1_157' title='bbox 1030 2602 1389 2674; x_wconf 83' lang='lat' dir='ltr'>duntaxat</span> <span class='ocrx_word' id='word_1_158' title='bbox 1420 2620 1495 2675; x_wconf 87' lang='lat' dir='ltr'>et</span> <span class='ocrx_word' id='word_1_159' title='bbox 1529 2629 1774 2676; x_wconf 88' lang='lat' dir='ltr'>coram</span> <span class='ocrx_word' id='word_1_160' title='bbox 1797 2608 1910 2696; x_wconf 78' lang='lat' dir='ltr'>iis,</span> <span class='ocrx_word' id='word_1_161' title='bbox 1958 2622 2032 2676; x_wconf 92' lang='lat' dir='ltr'>et</span> <span class='ocrx_word' id='word_1_162' title='bbox 2068 2630 2158 2676; x_wconf 90' lang='lat' dir='ltr'>eo</span> <span class='ocrx_word' id='word_1_163' title='bbox 2197 2604 2422 2676; x_wconf 84' lang='lat' dir='ltr'>mocio</span> <span class='ocrx_word' id='word_1_164' title='bbox 2449 2630 2622 2702; x_wconf 83' lang='lat' dir='ltr'>pro-</span> 
     </span>
     <span class='ocr_line' id='line_1_23' title="bbox 522 2705 2621 2808; baseline 0 -30"><span class='ocrx_word' id='word_1_165' title='bbox 522 2705 741 2798; x_wconf 86' lang='lat' dir='ltr'>ferat,</span> <span class='ocrx_word' id='word_1_166' title='bbox 768 2721 896 2778; x_wconf 89' lang='lat' dir='ltr'>aut</span> <span class='ocrx_word' id='word_1_167' title='bbox 914 2707 1363 2799; x_wconf 83' lang='lat' dir='ltr'>manifestet,</span> <span class='ocrx_word' id='word_1_168' title='bbox 1398 2734 1631 2808; x_wconf 82' lang='lat' dir='ltr'>qaae,</span> <span class='ocrx_word' id='word_1_169' title='bbox 1671 2708 1946 2808; x_wconf 82' lang='lat' dir='ltr'>quibus</span> <span class='ocrx_word' id='word_1_170' title='bbox 1968 2724 2040 2796; x_wconf 88' lang='lat' dir='ltr'>et</span> <span class='ocrx_word' id='word_1_171' title='bbox 2056 2735 2209 2808; x_wconf 82' lang='lat' dir='ltr'>quo</span> <span class='ocrx_word' id='word_1_172' title='bbox 2229 2707 2458 2779; x_wconf 86' lang='lat' dir='ltr'>modo</span> <span class='ocrx_word' id='word_1_173' title='bbox 2484 2707 2621 2779; x_wconf 87' lang='lat' dir='ltr'>uti·</span> 
     </span>
     <span class='ocr_line' id='line_1_24' title="bbox 521 2801 2619 2909; baseline 0.002 -30"><span class='ocrx_word' id='word_1_174' title='bbox 521 2806 812 2882; x_wconf 89' lang='lat' dir='ltr'>litatem</span> <span class='ocrx_word' id='word_1_175' title='bbox 862 2827 1286 2909; x_wconf 87' lang='lat' dir='ltr'>praestare,</span> <span class='ocrx_word' id='word_1_176' title='bbox 1343 2828 1468 2883; x_wconf 91' lang='lat' dir='ltr'>aut</span> <span class='ocrx_word' id='word_1_177' title='bbox 1510 2829 1709 2885; x_wconf 85' lang='lat' dir='ltr'>certe</span> <span class='ocrx_word' id='word_1_178' title='bbox 1759 2814 1941 2885; x_wconf 88' lang='lat' dir='ltr'>citra</span> <span class='ocrx_word' id='word_1_179' title='bbox 1988 2811 2253 2886; x_wconf 89' lang='lat' dir='ltr'>abusus</span> <span class='ocrx_word' id='word_1_180' title='bbox 2301 2801 2425 2883; x_wconf 74' lang='lat' dir='ltr'>aut</span> <span class='ocrx_word' id='word_1_181' title='bbox 2486 2837 2619 2883; x_wconf 90' lang='lat' dir='ltr'>no-</span> 
     </span>
    </p>
   </div>
   <div class='ocr_carea' id='block_1_5' title="bbox 429 2910 2617 3016">
    <p class='ocr_par' dir='ltr' id='par_1_5' title="bbox 429 2910 2617 3016">
     <span class='ocr_line' id='line_1_25' title="bbox 429 2910 2617 3016; baseline 0.001 -30"><span class='ocrx_word' id='word_1_182' title='bbox 429 2939 433 2946; x_wconf 80' lang='grc'><em>’</em></span> <span class='ocrx_word' id='word_1_183' title='bbox 521 2938 659 2986; x_wconf 84' lang='lat' dir='ltr'>xae</span> <span class='ocrx_word' id='word_1_184' title='bbox 703 2912 1121 3014; x_wconf 87' lang='lat' dir='ltr'>periculum</span> <span class='ocrx_word' id='word_1_185' title='bbox 1172 2910 1635 2990; x_wconf 76' lang='lat' dir='ltr'>manifestari</span> <span class='ocrx_word' id='word_1_186' title='bbox 1676 2934 1879 2989; x_wconf 86' lang='lat' dir='ltr'>recte</span> <span class='ocrx_word' id='word_1_187' title='bbox 1929 2933 2240 3016; x_wconf 90' lang='lat' dir='ltr'>possunt</span> <span class='ocrx_word' id='word_1_188' title='bbox 2283 2914 2426 3012; x_wconf 74' lang='grc'>**).</span> <span class='ocrx_word' id='word_1_189' title='bbox 2492 2922 2617 3005; x_wconf 89' lang='grc'>10)</span> 
     </span>
    </p>
   </div>
   <div class='ocr_carea' id='block_1_6' title="bbox 401 3555 431 3588">
    <p class='ocr_par' dir='ltr' id='par_1_6' title="bbox 401 3555 431 3588">
     <span class='ocr_line' id='line_1_26' title="bbox 401 3555 431 3588; baseline 0 -4"><span class='ocrx_word' id='word_1_190' title='bbox 401 3555 431 3588; x_wconf 62' lang='lat' dir='ltr'><em>s</em></span> 
     </span>
    </p>
   </div>
   <div class='ocr_carea' id='block_1_7' title="bbox 519 3018 2619 3639">
    <p class='ocr_par' dir='ltr' id='par_1_7' title="bbox 519 3018 2619 3639">
     <span class='ocr_line' id='line_1_27' title="bbox 524 3018 2619 3122; baseline 0 -32"><span class='ocrx_word' id='word_1_191' title='bbox 524 3019 766 3109; x_wconf 89' lang='lat' dir='ltr'>Quum</span> <span class='ocrx_word' id='word_1_192' title='bbox 796 3018 1119 3092; x_wconf 89' lang='lat' dir='ltr'>eruditio</span> <span class='ocrx_word' id='word_1_193' title='bbox 1145 3019 1572 3092; x_wconf 77' lang='lat' dir='ltr'>moralitati</span> <span class='ocrx_word' id='word_1_194' title='bbox 1592 3023 1927 3118; x_wconf 84' lang='lat' dir='ltr'>negative</span> <span class='ocrx_word' id='word_1_195' title='bbox 1954 3022 2421 3122; x_wconf 88' lang='lat' dir='ltr'>positiveque</span> <span class='ocrx_word' id='word_1_196' title='bbox 2449 3018 2619 3091; x_wconf 87' lang='lat' dir='ltr'>sub-</span> 
     </span>
     <span class='ocr_line' id='line_1_28' title="bbox 524 3121 2615 3225; baseline 0 -33"><span class='ocrx_word' id='word_1_197' title='bbox 524 3121 867 3204; x_wconf 85' lang='lat' dir='ltr'>ordinata</span> <span class='ocrx_word' id='word_1_198' title='bbox 927 3149 1087 3194; x_wconf 92' lang='lat' dir='ltr'>esse</span> <span class='ocrx_word' id='word_1_199' title='bbox 1144 3121 1415 3194; x_wconf 90' lang='lat' dir='ltr'>debeat</span> <span class='ocrx_word' id='word_1_200' title='bbox 1475 3128 1587 3218; x_wconf 69' lang='lat' dir='ltr'>(g.</span> <span class='ocrx_word' id='word_1_201' title='bbox 1638 3132 1968 3223; x_wconf 85' lang='lat' dir='ltr'>praec.),</span> <span class='ocrx_word' id='word_1_202' title='bbox 2039 3141 2283 3225; x_wconf 74' lang='lat' dir='ltr'>pat‘et:</span> <span class='ocrx_word' id='word_1_203' title='bbox 2362 3149 2494 3195; x_wconf 90' lang='lat' dir='ltr'>cur</span> <span class='ocrx_word' id='word_1_204' title='bbox 2552 3130 2615 3213; x_wconf 85' lang='lat' dir='ltr'>a)</span> 
     </span>
     <span class='ocr_line' id='line_1_29' title="bbox 525 3224 2618 3329; baseline 0.001 -35"><span class='ocrx_word' id='word_1_205' title='bbox 525 3224 770 3319; x_wconf 88' lang='lat' dir='ltr'>quivis</span> <span class='ocrx_word' id='word_1_206' title='bbox 829 3227 1330 3323; x_wconf 88' lang='lat' dir='ltr'>quodcunque</span> <span class='ocrx_word' id='word_1_207' title='bbox 1403 3229 1844 3302; x_wconf 81' lang='lat' dir='ltr'>&#39;eruditionis</span> <span class='ocrx_word' id='word_1_208' title='bbox 1918 3256 2146 3329; x_wconf 82' lang='lat' dir='ltr'>genus</span> <span class='ocrx_word' id='word_1_209' title='bbox 2217 3255 2380 3300; x_wconf 86' lang='lat' dir='ltr'>cum</span> <span class='ocrx_word' id='word_1_210' title='bbox 2445 3251 2618 3325; x_wconf 92' lang='lat' dir='ltr'>pro-</span> 
     </span>
     <span class='ocr_line' id='line_1_30' title="bbox 519 3322 2611 3429; baseline 0.002 -34"><span class='ocrx_word' id='word_1_211' title='bbox 519 3322 753 3397; x_wconf 85' lang='lat' dir='ltr'>bitate</span> <span class='ocrx_word' id='word_1_212' title='bbox 810 3327 1078 3401; x_wconf 89' lang='lat' dir='ltr'>debeat</span> <span class='ocrx_word' id='word_1_213' title='bbox 1134 3331 1626 3429; x_wconf 86' lang='lat' dir='ltr'>conjungere,</span> <span class='ocrx_word' id='word_1_214' title='bbox 1681 3359 1821 3405; x_wconf 89' lang='lat' dir='ltr'>nec</span> <span class='ocrx_word' id='word_1_215' title='bbox 1870 3336 2011 3406; x_wconf 88' lang='lat' dir='ltr'>nisi</span> <span class='ocrx_word' id='word_1_216' title='bbox 2067 3331 2288 3406; x_wconf 87' lang='lat' dir='ltr'>salvis</span> <span class='ocrx_word' id='word_1_217' title='bbox 2346 3331 2611 3404; x_wconf 86' lang='lat' dir='ltr'>ofliciis</span> 
     </span>
     <span class='ocr_line' id='line_1_31' title="bbox 522 3428 2612 3536; baseline 0.002 -35"><span class='ocrx_word' id='word_1_218' title='bbox 522 3428 1021 3536; x_wconf 55' lang='lat' dir='ltr'>nobilioribus</span> <span class='ocrx_word' id='word_1_219' title='bbox 1074 3433 1315 3532; x_wconf 86' lang='lat' dir='ltr'>possit</span> <span class='ocrx_word' id='word_1_220' title='bbox 1370 3438 1838 3531; x_wconf 83' lang='lat' dir='ltr'>consectari3</span> <span class='ocrx_word' id='word_1_221' title='bbox 1898 3463 2028 3509; x_wconf 90' lang='lat' dir='ltr'>cur</span> <span class='ocrx_word' id='word_1_222' title='bbox 2081 3437 2161 3532; x_wconf 83' lang='lat' dir='ltr'>b)</span> <span class='ocrx_word' id='word_1_223' title='bbox 2217 3436 2612 3512; x_wconf 88' lang='lat' dir='ltr'>scientiam</span> 
     </span>
     <span class='ocr_line' id='line_1_32' title="bbox 520 3530 2614 3639; baseline 0.002 -34"><span class='ocrx_word' id='word_1_224' title='bbox 520 3530 777 3606; x_wconf 89' lang='lat' dir='ltr'>salutis</span> <span class='ocrx_word' id='word_1_225' title='bbox 815 3536 1667 3637; x_wconf 84' lang='lat' dir='ltr'>necessariamreliquis</span> <span class='ocrx_word' id='word_1_226' title='bbox 1707 3540 2051 3615; x_wconf 88' lang='lat' dir='ltr'>omnibus</span> <span class='ocrx_word' id='word_1_227' title='bbox 2095 3539 2367 3614; x_wconf 84' lang='lat' dir='ltr'>debeat</span> <span class='ocrx_word' id='word_1_228' title='bbox 2404 3566 2614 3639; x_wconf 89' lang='lat' dir='ltr'>prae-</span> 
     </span>
    </p>
   </div>
   <div class='ocr_carea' id='block_1_8' title="bbox 468 3637 2609 3743">
    <p class='ocr_par' dir='ltr' id='par_1_8' title="bbox 468 3637 2609 3743">
     <span class='ocr_line' id='line_1_33' title="bbox 468 3637 2609 3743; baseline 0.003 -35"><span class='ocrx_word' id='word_1_229' title='bbox 468 3667 479 3682; x_wconf 75' lang='lat'>⁷</span> <span class='ocrx_word' id='word_1_230' title='bbox 518 3637 748 3733; x_wconf 85' lang='lat' dir='ltr'>ferre.;</span> <span class='ocrx_word' id='word_1_231' title='bbox 796 3665 925 3711; x_wconf 91' lang='lat' dir='ltr'>cur</span> <span class='ocrx_word' id='word_1_232' title='bbox 968 3638 1039 3735; x_wconf 87' lang='lat' dir='ltr'>c)</span> <span class='ocrx_word' id='word_1_233' title='bbox 1083 3640 1393 3714; x_wconf 90' lang='lat' dir='ltr'>eandem</span> <span class='ocrx_word' id='word_1_234' title='bbox 1430 3645 1862 3743; x_wconf 88' lang='lat' dir='ltr'>praesertim</span> <span class='ocrx_word' id='word_1_235' title='bbox 1901 3673 1994 3718; x_wconf 86' lang='lat' dir='ltr'>ex</span> <span class='ocrx_word' id='word_1_236' title='bbox 2034 3646 2399 3717; x_wconf 72' lang='lat' dir='ltr'>charitate</span> <span class='ocrx_word' id='word_1_237' title='bbox 2445 3642 2609 3716; x_wconf 87' lang='lat' dir='ltr'>aliis</span> 
     </span>
    </p>
   </div>
   <div class='ocr_carea' id='block_1_9' title="bbox 521 3740 2709 4055">
    <p class='ocr_par' dir='ltr' id='par_1_9' title="bbox 521 3740 2709 4055">
     <span class='ocr_line' id='line_1_34' title="bbox 521 3740 2609 3848; baseline 0.003 -35"><span class='ocrx_word' id='word_1_238' title='bbox 521 3740 772 3823; x_wconf 85' lang='lat' dir='ltr'>debita</span> <span class='ocrx_word' id='word_1_239' title='bbox 827 3744 906 3815; x_wconf 91' lang='lat' dir='ltr'>in</span> <span class='ocrx_word' id='word_1_240' title='bbox 961 3743 1226 3817; x_wconf 88' lang='lat' dir='ltr'>iisdem</span> <span class='ocrx_word' id='word_1_241' title='bbox 1286 3765 1625 3820; x_wconf 81' lang='lat' dir='ltr'>teneatur</span> <span class='ocrx_word' id='word_1_242' title='bbox 1678 3763 1816 3848; x_wconf 82' lang='lat' dir='ltr'>pro</span> <span class='ocrx_word' id='word_1_243' title='bbox 1872 3748 2155 3822; x_wconf 84' lang='lat' dir='ltr'>viribus</span> <span class='ocrx_word' id='word_1_244' title='bbox 2210 3771 2609 3848; x_wconf 85' lang='lat' dir='ltr'>promove-</span> 
     </span>
     <span class='ocr_line' id='line_1_35' title="bbox 521 3846 2602 3951; baseline 0.003 -36"><span class='ocrx_word' id='word_1_245' title='bbox 521 3846 646 3939; x_wconf 84' lang='lat' dir='ltr'>re3</span> <span class='ocrx_word' id='word_1_246' title='bbox 702 3871 832 3920; x_wconf 91' lang='lat' dir='ltr'>cur</span> <span class='ocrx_word' id='word_1_247' title='bbox 887 3849 1106 3948; x_wconf 87' lang='lat' dir='ltr'>proin</span> <span class='ocrx_word' id='word_1_248' title='bbox 1164 3849 1246 3934; x_wconf 85' lang='lat' dir='ltr'>d)</span> <span class='ocrx_word' id='word_1_249' title='bbox 1290 3850 1386 3922; x_wconf 91' lang='lat' dir='ltr'>de</span> <span class='ocrx_word' id='word_1_250' title='bbox 1441 3853 1852 3951; x_wconf 76' lang='lat' dir='ltr'>religione,</span> <span class='ocrx_word' id='word_1_251' title='bbox 1909 3872 1982 3927; x_wconf 92' lang='lat' dir='ltr'>et</span> <span class='ocrx_word' id='word_1_252' title='bbox 2037 3854 2129 3926; x_wconf 91' lang='lat' dir='ltr'>de</span> <span class='ocrx_word' id='word_1_253' title='bbox 2185 3851 2275 3925; x_wconf 89' lang='lat' dir='ltr'>iis</span> <span class='ocrx_word' id='word_1_254' title='bbox 2334 3852 2602 3942; x_wconf 87' lang='lat' dir='ltr'>etiam,</span> 
     </span>
     <span class='ocr_line' id='line_1_36' title="bbox 521 3948 2709 4055; baseline 0.004 -38"><span class='ocrx_word' id='word_1_255' title='bbox 521 3971 709 4045; x_wconf 89' lang='lat' dir='ltr'>quae</span> <span class='ocrx_word' id='word_1_256' title='bbox 745 3948 864 4023; x_wconf 80' lang='lat' dir='ltr'>vel</span> <span class='ocrx_word' id='word_1_257' title='bbox 901 3979 1038 4052; x_wconf 90' lang='lat' dir='ltr'>per</span> <span class='ocrx_word' id='word_1_258' title='bbox 1076 3978 1408 4028; x_wconf 85' lang='lat' dir='ltr'>errorem</span> <span class='ocrx_word' id='word_1_259' title='bbox 1445 3957 1813 4055; x_wconf 59' lang='lat' dir='ltr'>religiosa</span> <span class='ocrx_word' id='word_1_260' title='bbox 1847 3954 1938 4030; x_wconf 92' lang='lat' dir='ltr'>ab</span> <span class='ocrx_word' id='word_1_261' title='bbox 1975 3956 2409 4031; x_wconf 84' lang='lat' dir='ltr'>hominibus</span> <span class='ocrx_word' id='word_1_262' title='bbox 2449 3953 2601 4029; x_wconf 86' lang='lat' dir='ltr'>exi·</span> <span class='ocrx_word' id='word_1_263' title='bbox 2702 4001 2709 4006; x_wconf 34' lang='lat' dir='ltr'>x</span> 
     </span>
    </p>
   </div>
   <div class='ocr_carea' id='block_1_10' title="bbox 502 4126 1817 4264">
    <p class='ocr_par' dir='ltr' id='par_1_10' title="bbox 502 4126 1817 4264">
     <span class='ocr_line' id='line_1_37' title="bbox 502 4126 1817 4264; baseline 0.005 -29"><span class='ocrx_word' id='word_1_264' title='bbox 502 4126 1068 4257; x_wconf 57' lang='lat' dir='ltr'>W</span> <span class='ocrx_word' id='word_1_265' title='bbox 1107 4177 1216 4238; x_wconf 77' lang='lat' dir='ltr'>lx.</span> <span class='ocrx_word' id='word_1_266' title='bbox 1254 4176 1316 4249; x_wconf 76' lang='lat' dir='ltr'>a.</span> <span class='ocrx_word' id='word_1_267' title='bbox 1354 4199 1495 4264; x_wconf 69' lang='lat' dir='ltr'>sqq.</span> <span class='ocrx_word' id='word_1_268' title='bbox 1531 4180 1685 4248; x_wconf 61' lang='lat' dir='ltr'>xii·</span> <span class='ocrx_word' id='word_1_269' title='bbox 1722 4180 1817 4246; x_wconf 84' lang='lat'>15.</span> 
     </span>
    </p>
   </div>
  </div>
 </body>
</html>
