2846 4770
593 409 674 486 0,
709 407 808 476 11.
847 408 948 472 De
985 412 1317 474 societate
1348 412 1711 496 conjugali
1744 428 1871 479 ete.
2197 436 2271 486 n

328 588 430 659 tia
476 585 738 648 furiosa
800 584 1184 665 compartis,
1232 606 1314 649 ex
1374 605 1498 670 qua
1554 585 1917 668 periculum
1951 589 2124 675 proli
2167 615 2276 658 na.

334 675 646 737 sciturae
664 671 1007 744 timeatur;
1049 668 1110 752 e)
1136 672 1556 738 adulterium
1579 673 1654 733 ab
1678 674 1880 736 altera
1905 692 2084 758 parte
2105 698 2277 741 com-

335 763 663 834 missum,
725 778 849 841 per
911 755 1085 838 quod
1150 757 1310 819 haec
1370 757 1516 837 jure
1583 779 1701 820 auo
1766 762 2026 829 excidit.
2101 765 2279 828 Atta-

342 869 547 921 men,
604 845 734 909 nisi
779 842 1011 922 conjux
1077 842 1155 904 ab
1200 844 1496 906 adultera
1538 860 1720 928 parte
1767 867 1885 929 per
1929 850 2278 916 divortium

345 933 735 1014 legitimum
774 950 1069 1011 separare
1108 953 1177 991 se
1217 930 1414 1002 velit,
1460 933 1822 1012 poenitenti
1865 954 1934 998 ae
1981 941 2278 1002 reconci-

347 1019 529 1082 liare
569 1032 643 1081 et
683 1015 960 1078 debitum
988 1015 1266 1077 reddere
1305 1018 1557 1099 saepius
1602 1019 1879 1081 charitas
1921 1025 2118 1103 jubet.
2187 1025 2276 1089 At

355 1113 431 1190 4)
483 1124 708 1166 causae
745 1124 780 1164 a
818 1101 1152 1164 reddendo
1201 1102 1418 1165 debito
1455 1102 1860 1169 sufficienter
1892 1124 2273 1175 excusantes

246 1212 267 1219 ·
357 1212 507 1254 non
550 1203 688 1251 sunt
729 1210 791 1252 e.
838 1210 903 1271 g.
954 1189 1323 1262 molestiae,
1386 1211 1542 1274 quas
1604 1190 1917 1258 faeminae
1965 1197 2271 1280 gravidae

364 1277 721 1363 patiuntur,
789 1272 1136 1337 difficultas
1186 1285 1440 1359 partus,
1502 1291 1607 1339 aut
1653 1280 2051 1365 periculum,
2099 1281 2276 1367 quod

359 1384 448 1427 ex
493 1376 680 1447 partu
724 1359 1048 1423 imminet:
1116 1384 1260 1423 nam
1306 1360 1384 1421 ad
1446 1360 1648 1440 haec,
1711 1387 1875 1450 quae
1935 1388 2065 1430 non
2124 1388 2275 1432 raro

360 1450 714 1524 eveniunt,
779 1446 1109 1511 subeunda
1153 1470 1223 1511 se
1281 1446 1602 1531 obligasse
1651 1453 1963 1537 conjuges
2008 1474 2280 1518 censen-

362 1533 688 1627 ῐιιικ--ξὴ
733 1535 1255 1618 superveniente
1297 1548 1486 1596 certa
1521 1543 1771 1601 notitia
1817 1542 1899 1602 de
1941 1542 2274 1604 nullitate

372 1625 798 1686 metrc'mom’i
836 1622 1150 1704 conjuges
1188 1640 1310 1684 nec
1353 1618 1635 1684 reddere
1686 1622 2006 1700 debitum,
2040 1625 2281 1688 nedum

375 1722 605 1790 petere
648 1721 931 1789 possunt.
992 1706 1061 1788 6)
1113 1705 1344 1785 Dubio
1407 1704 1924 1769 dematrimonii
1978 1712 2276 1773 nullitate

381 1807 651 1866 exorto,
694 1794 749 1854 si
776 1795 974 1857 altera
1007 1815 1152 1875 para
1175 1836 1191 1865 ‚
1228 1804 1400 1874 ‘quae
1434 1791 1628 1872 petit,
1673 1793 1765 1854 nil
1800 1793 2084 1871 dubitat,
2131 1795 2281 1857 red-

373 1880 539 1942 dere
590 1876 872 1942 debitum
910 1900 1059 1964 para
1096 1877 1287 1939 dubia
1323 1892 1619 1953 tenetur,
1664 1900 1745 1942 ne
1797 1902 1867 1942 se
1908 1882 2098 1957 juris
2131 1885 2276 1944 vio-

366 1965 567 2028 landi
619 1967 918 2049 periculo
980 1979 1279 2048 exponat.
1360 1960 1613 2054 Quodsi
1676 1964 1738 2049 7)
1815 1981 2090 2051 uterque
2151 1967 2278 2048 jam

369 2073 525 2113 cum
561 2054 769 2115 dubio
808 2052 1281 2113 matrimonium
1325 2050 1611 2124 iniisset,
1657 2065 1887 2115 neutra
1922 2076 2071 2136 pars
2098 2067 2278 2136 pete-

368 2157 445 2198 re
483 2137 854 2202 reddereve
894 2138 1155 2222 poterit.
1201 2137 1266 2222 8)
1313 2138 1419 2200 Ob
1463 2138 1850 2200 adulterium
1907 2140 2094 2201 unius
2130 2160 2278 2202 cum

369 2225 667 2306 coniugis
712 2226 778 2285 in
823 2226 1034 2309 primo
1086 2239 1152 2286 et
1203 2226 1490 2287 secundo
1537 2226 1739 2307 gradu
1777 2227 2276 2308 consanguineis

372 2312 781 2373 commissum
839 2332 1115 2394 peccans
1163 2310 1285 2390 jam
1334 2328 1562 2396 petere
1612 2311 1898 2373 debitum
1936 2311 2276 2395 conjugale

366 2398 452 2460 ob
510 2400 1038 2481 impedimentum
1086 2395 1414 2460 affinitatis
1456 2399 1714 2482 nequit3
1763 2401 2007 2482 petenti
2061 2414 2275 2461 tamen

367 2484 539 2567 parti
569 2486 941 2560 innocenti,
981 2507 1064 2546 ne
1113 2485 1272 2547 haec
1312 2486 1580 2548 alterius
1623 2487 1705 2546 ob
1752 2500 2088 2568 peccatum
2126 2487 2272 2568 jure

372 2590 489 2632 suo
520 2574 812 2654 privetur
833 2616 850 2647 ‚
894 2570 1174 2634 reddere
1216 2571 1501 2635 debitum
1533 2585 1750 2655 potest
1784 2571 2150 2657 debetque·⁴

291 2734 448 2818 φη)
498 2738 557 2819 ι)
588 2744 970 2805 Divertium
1007 2741 1198 2804 etiam
1230 2743 1613 2826 legitimum,
1648 2741 1773 2803 nisi
1791 2764 1874 2806 ex
1907 2744 2114 2805 causis
2132 2763 2276 2826 gra-

378 2823 662 2886 vissimis
698 2839 880 2908 atque
912 2830 1015 2891 vel
1052 2852 1135 2891 ex
1175 2852 1416 2892 summa
1450 2830 1659 2892 solum
1697 2831 2104 2905 necessitate,
2144 2849 2277 2890 nou

379 2911 706 2993 cogitent,
765 2914 994 2976 nedum
1062 2916 1338 2976 ambiant
1396 2917 1709 2995 conjuges
1734 2956 1750 2986 ,
1816 2930 2038 2995 utpote
2102 2913 2279 2992 quod

379 2998 543 3060 citra
578 3000 810 3082 majora
838 2999 1241 3063 incommoda
1263 3042 1279 3072 ,
1319 2997 1475 3059 citra
1510 2998 1752 3058 animae
1786 2999 2113 3077 pericula,
2147 2999 2280 3056 imo

373 3083 541 3147 citra
583 3085 1066 3148 existimationis
1113 3085 1518 3169 dispendium
1563 3080 1708 3144 fieri
1766 3083 1873 3145 vix
1915 3094 2150 3165 potest.
2213 3078 2278 3165 2)

376 3168 554 3263 Quid
591 3171 761 3235 circa
793 3173 1068 3235 divortia
1106 3174 1337 3245 iustum
1376 3172 1490 3246 sit,
1533 3171 1599 3230 in
1648 3169 2149 3233 institutionibus
2185 3170 2279 3252 ju·

370 3264 465 3338 ris
515 3259 675 3321 eccl.
715 3262 771 3337 §.
805 3258 1195 3339 665--667.
1251 3260 1375 3340 jam
1427 3255 1717 3338 exposui.
1780 3256 1853 3332 5)
1889 3258 1989 3318 De
2037 3255 2278 3320 malitia

373 3346 739 3419 adulterii,
776 3347 951 3429 quod
986 3344 1044 3423 a)
1079 3345 1354 3424 justitiae
1378 3388 1394 3417 ‚
1432 3344 1499 3426 b)
1537 3345 1917 3405 sacramenti
1947 3342 2276 3425 dignitati,

372 3435 436 3515 c)
474 3431 642 3492 bono
677 3431 1100 3514 reipublicae,
1140 3432 1518 3493 familiarum
1553 3429 1742 3491 saluti
1777 3428 2046 3513 pacique
2084 3429 2280 3511 insig-

372 3518 543 3579 niter
583 3531 944 3599 repugnat3
991 3518 1057 3597 d)
1098 3531 1165 3579 et
1199 3519 1630 3598 legitimorum
1670 3515 1948 3577 filiorum
1980 3528 2087 3576 aut
2126 3535 2283 3578 con-

369 3603 543 3687 jugis
578 3604 764 3664 bonis
799 3602 1014 3686 gravia
1048 3625 1243 3686 saepe
1276 3606 1497 3662 damna
1534 3600 1769 3678 infert3
1817 3618 2005 3686 atque
2039 3600 2103 3682 e)
2137 3602 2278 3681 plu-

368 3692 686 3754 rimorum
725 3690 999 3751 aliorum
1041 3691 1579 3751 malorum-causa
1623 3704 1689 3750 et
1734 3690 1986 3753 occasio
2027 3684 2275 3760 existit,

369 3777 649 3842 antehae
688 3774 777 3865 (ᾗ.
820 3777 959 3843 ι8ι.
990 3799 1053 3838 ιι.
1093 3777 1182 3864 5.)
1223 3778 1351 3858 jam
1386 3773 1680 3846 diximus,
2099 3765 2108 3774 ’
