2846 4770
390 336 465 399 0.
498 338 549 398 1
556 340 639 400 V.
684 334 802 395 De
841 337 1101 421 offi’ciis
1136 339 1317 404 inter
1356 341 1562 403 heros
1598 356 1666 403 ee
1681 342 2035 426 famulos.
2197 355 2292 435 ⁴9
2323 412 2336 429 ὓ

342 516 815 593 exequantur,
880 508 1143 592 propria
1203 508 1396 575 etiam
1443 510 1829 575 famulorum
1887 511 2169 581 felicita
2216 531 2287 584 ot

332 595 551 660 bonae
602 597 815 658 famae
865 614 1022 700 cura
1068 595 1362 682 imperat.

1115 729 1171 807 §.
1218 726 1366 793 Glo.

424 838 691 924 Officia
711 832 1155 920 famulorum
1171 834 1752 919 fanzularumque
1789 854 2035 904 cetera.

384 968 707 1039 Praeter
747 964 968 1053 haec,
1016 966 1214 1062 :quae
1255 965 1441 1037 hero
1486 980 1563 1037 et
1595 966 1923 1044 familiae
1966 969 2279 1067 debent,‘

168 1072 695 1171 famulorum
707 1068 972 1141 itidem
1003 1072 1331 1164 propria
1366 1074 1439 1160 a)
1481 1096 1647 1169 erga
1667 1073 1949 1168 Deum3
1981 1090 2057 1148 et
2085 1075 2163 1165 b)
2199 1102 2281 1151 se

184 1175 393 1276 ipsos
440 1171 699 1270 qffi'cia
751 1189 964 1264 sunt,
1031 1179 1107 1264 1)
1174 1188 1376 1246 ntea
1425 1175 1724 1248 servitia
1770 1177 2282 1279 famulitiaque

192 1296 586 1377 quaerant,
639 1277 720 1347 in
783 1275 1049 1374 quibus
1110 1274 1199 1348 ab
1255 1279 1616 1353 exercitio
1684 1280 2132 1357 christianae
2168 1310 2284 1357 re-

187 1385 487 1484 ligionis
548 1397 624 1454 et
674 1378 999 1481 pietatis,
1059 1407 1121 1453 e.
1182 1409 1248 1480 g.
1307 1406 1345 1454 a
1402 1366 1692 1457 dierum
1743 1385 2102 1461 festorum
2157 1388 2286 1511 pia

188 1489 753 1578 celebratione,
806 1485 1014 1556 verbi
1060 1487 1207 1558 Dei
1264 1485 1681 1580 auditione,
1761 1488 2091 1613 aliisque·
2128 1493 2284 1593 pie·

192 1595 360 1667 tatis
413 1588 772 1692 operibus
824 1591 1075 1663 minus
1126 1591 1709 1688 praepediantm
1728 1650 1751 1685 ‚
1829 1619 1972 1666 nec
2027 1595 2284 1668 virtuti

186 1694 524 1819 pericula
565 1710 951 1790 creentur3
1009 1694 1164 1770 sin:
1221 1718 1307 1764 ea
1355 1696 1701 1787 servitia,
1760 1693 1886 1765 ubi
1947 1697 2128 1768 citra
2170 1700 2283 1769 in-

187 1800 552 1902 justitiam
607 1814 924 1895 queunt,
979 1797 1371 1882 deserant;
1450 1804 1531 1889 2)
1587 1813 1669 1870 ut
1720 1823 1877 1871 non
1933 1814 2082 1872 tam
2129 1825 2280 1897 pro

170 1902 567 1996 'mer-cede,
590 1928 806 1999 quam
831 1928 924 1973 ex
944 1902 1226 2001 optima
1250 1902 1671 1975 intentione
1684 1917 2014 1998 propter·
2026 1904 2281 1978 Deum

186 2008 482 2083 servitia
522 2032 649 2079 sua
680 2004 1112 2078 fidelissime
1158 2022 1539 2106 praestent
1579 2005 1676 2103 75)
1699 2033 1722 2099 ;
1759 2010 1836 2097 3)
1879 2023 1968 2079 ut
2003 2007 2097 2081 ob
2133 2010 2284 2082 Dei

188 2111 487 2210 providi
507 2115 1028 2184 reverentiam
1049 2127 1244 2185 statu
1263 2135 1396 2183 suo
1422 2110 1613 2184 bene
1641 2115 1987 2185 contenti
2005 2113 2282 2207 vivant,

191 2245 420 2316 eoque
477 2216 572 2289 ad
626 2216 1171 2316 perfectionem
1245 2214 1610 2288 moralem
1684 2216 2284 2319 promovendam

189 2339 485 2397 utantur
538 2326 693 2416 77);
768 2319 931 2393 dies
983 2319 1406 2395 dominicos
1474 2321 1854 2418 festosque
1908 2319 2032 2420 pie
2087 2321 2286 2394 clui-

186 2425 572 2525 stianeque
633 2425 1061 2518 celebrent,
1118 2452 1269 2498 non
1322 2426 1551 2498 sacris
1603 2426 1895 2517 solum,
1948 2424 2085 2498 sed
2126 2451 2286 2498 ma-

186 2534 386 2605 xime
444 2529 935 2604 concionibus
991 2532 1259 2618 etiam,
1341 2545 1701 2625 quantum
1777 2480 1937 2601 fieii
1991 2547 2281 2629 potest,

184 2637 555 2709 interesse
597 2633 973 2727 studeant,
1017 2639 1138 2733 pia
1178 2633 1543 2730 quaedam
1576 2632 1828 2734 legant
1866 2650 2031 2709 etc.·
2015 2640 2157 2729 ,4)
2198 2651 2284 2709 ut

184 2742 524 2813 sanitati
546 2736 976 2853 famaeque
1012 2738 1300 2810 bonae
1290 2738 1743 2830 Ὓεινειηάεῖε
1778 2738 1959 2809 item
2004 2739 2283 2839 majori

181 2840 639 2944 perfectioni
660 2840 1311 2939 dexteritatique
1295 2867 1370 2910 in
1392 2837 1714 2913 servitiis
1739 2840 2043 2913 utilibus
2065 2867 2281 2939 prae-

182 2947 468 3022 standis
485 2946 975 3043 acquirendae
992 2970 1242 3046 praeci
1251 2964 1796 3042 puamoperam
1816 2943 2284 3038 impendant,

185 3069 408 3151 atque
442 3066 542 3123 ita
556 3049 950 3147 felicitati
966 3075 1163 3124 suae
1189 3044 1695 3148 prospiciant3
1734 3047 1819 3137 5)
1846 3058 1929 3117 ut
1954 3041 2045 3115 ab
2072 3043 2287 3118 omni

182 3152 406 3250 luxu,
454 3154 768 3227 vestium
813 3157 1196 3279 vanitate&
1238 3177 1325 3225 ac
1353 3149 1879 3254 prodigalitate
1917 3147 2284 3224 alienissi-

184 3263 336 3348 mi,
382 3213 743 3359 prudenti
793 3260 1289 3359 parsimoniae
1330 3255 1719 3347 studeant,
1777 3272 1997 3352 atque
2034 3258 2135 3328 ita
2170 3256 2282 3328 fu-

187 3366 376 3437 turis
416 3363 982 3437 necessitatibus
1030 3389 1117 3435 ac
1162 3364 1564 3434 senectutis
1621 3360 2057 3459 indigentiis
2098 3385 2283 3434 con-

184 3465 480 3552 sulant3
545 3468 664 3539 vel
711 3466 929 3541 aliam
991 3470 1380 3540 honestam
1446 3466 2062 3539 sustentationem
2106 3490 2285 3563 pro-

187 3597 451 3668 curare
507 3568 844 3665 valeant,
915 3589 1040 3646 aut
1106 3585 1309 3645 certe
1378 3566 1617 3642 aliena
1675 3595 1820 3670 ope
1875 3596 1954 3644 se
2012 3569 2281 3667 dignos

192 3674 523 3749 reddant
566 3673 693 3764 78)

273 3839 384 3931 76)
437 3847 680 3932 Ephes.
694 3844 828 3916 VI
862 3840 928 3908 5.

263 3936 377 4015 77)
430 3934 476 3991 1.
500 3917 652 3993 Cor.
715 3932 867 3997 VH
907 3944 1212 3996 20—22.
1387 3955 1395 3959 ’

266 4018 380 4104 78)
430 4018 514 4084 Β.
563 4018 859 4081 Stnttler
898 4014 1237 4080 christenl.
1283 4000 1544 4077 Sittenl.
1584 4012 1692 4074 fur
1727 4011 1856 4072 den
1897 3995 2123 4104 Ham·
2155 4010 2290 4075 und

350 4096 888 4176 Familia-tund.
924 4119 984 4171 2.
1020 4106 1098 4166 B.
1147 4102 1207 4177 §.
1247 4124 1389 4189 791·

276 4257 475 4322 Tom.
514 4247 646 4322 III.
772 4241 773 4244 ¹
829 4273 836 4284 ⁸
1459 4239 1460 4242 ¹
1643 4251 1707 4311 1)
