<?xml version="1.0" encoding="UTF-8"?>
<!DOCTYPE html PUBLIC "-//W3C//DTD XHTML 1.0 Transitional//EN"
    "http://www.w3.org/TR/xhtml1/DTD/xhtml1-transitional.dtd">
<html xmlns="http://www.w3.org/1999/xhtml" xml:lang="en" lang="en">
 <head>
  <title>
</title>
<meta http-equiv="Content-Type" content="text/html;charset=utf-8" />
  <meta name='ocr-system' content='tesseract 3.04.00' />
  <meta name='ocr-capabilities' content='ocr_page ocr_carea ocr_par ocr_line ocrx_word'/>
</head>
<body>
  <div class='ocr_page' id='page_1' title='image "./ethicachristian00schegoog_0250.png"; bbox 0 0 2846 4770; ppageno 0'>
   <div class='ocr_carea' id='block_1_1' title="bbox 528 336 2620 447">
    <p class='ocr_par' dir='ltr' id='par_1_1' title="bbox 528 328 2620 447">
     <span class='ocr_line' id='line_1_1' title="bbox 528 336 2620 447; baseline -0.001 -22"><span class='ocrx_word' id='word_1_1' title='bbox 528 360 654 443; x_wconf 75' lang='lat'>234</span> <span class='ocrx_word' id='word_1_2' title='bbox 686 360 799 427; x_wconf 78' lang='lat' dir='ltr'>De</span> <span class='ocrx_word' id='word_1_3' title='bbox 825 362 1337 446; x_wconf 74' lang='lat' dir='ltr'>impedimentis</span> <span class='ocrx_word' id='word_1_4' title='bbox 1363 336 1819 447; x_wconf 54' lang='lat' dir='ltr'>perfectionis</span> <span class='ocrx_word' id='word_1_5' title='bbox 1858 356 2306 425; x_wconf 67' lang='lat' dir='ltr'>christianae.</span> <span class='ocrx_word' id='word_1_6' title='bbox 2343 356 2530 424; x_wconf 76' lang='lat' dir='ltr'>Sect.</span> <span class='ocrx_word' id='word_1_7' title='bbox 2563 357 2620 423; x_wconf 88' lang='lat'>1.</span> 
     </span>
    </p>
   </div>
   <div class='ocr_carea' id='block_1_2' title="bbox 1451 606 1705 693">
    <p class='ocr_par' dir='ltr' id='par_1_2' title="bbox 1451 606 1705 693">
     <span class='ocr_line' id='line_1_2' title="bbox 1451 606 1705 693; baseline -0.016 -17"><span class='ocrx_word' id='word_1_8' title='bbox 1451 611 1511 691; x_wconf 85' lang='lat'>§.</span> <span class='ocrx_word' id='word_1_9' title='bbox 1558 606 1705 693; x_wconf 75' lang='lat'><strong>756.</strong></span> 
     </span>
    </p>
   </div>
   <div class='ocr_carea' id='block_1_3' title="bbox 608 738 2529 899">
    <p class='ocr_par' dir='ltr' id='par_1_3' title="bbox 608 738 2529 899">
     <span class='ocr_line' id='line_1_3' title="bbox 608 738 2529 827; baseline -0.004 -22"><span class='ocrx_word' id='word_1_10' title='bbox 608 740 675 827; x_wconf 73' lang='lat'>8)</span> <span class='ocrx_word' id='word_1_11' title='bbox 740 739 979 805; x_wconf 82' lang='lat' dir='ltr'>Sermo</span> <span class='ocrx_word' id='word_1_12' title='bbox 1027 745 1267 807; x_wconf 77' lang='lat' dir='ltr'>mundi</span> <span class='ocrx_word' id='word_1_13' title='bbox 1303 739 1669 824; x_wconf 78' lang='lat' dir='ltr'>politioris</span> <span class='ocrx_word' id='word_1_14' title='bbox 1714 738 2109 804; x_wconf 75' lang='lat' dir='ltr'>moralitati</span> <span class='ocrx_word' id='word_1_15' title='bbox 2147 756 2234 800; x_wconf 78' lang='lat' dir='ltr'>ae</span> <span class='ocrx_word' id='word_1_16' title='bbox 2272 738 2529 801; x_wconf 73' lang='lat' dir='ltr'>virtuti</span> 
     </span>
     <span class='ocr_line' id='line_1_4' title="bbox 1374 829 1762 899; baseline 0 -11"><span class='ocrx_word' id='word_1_17' title='bbox 1374 829 1762 899; x_wconf 75' lang='lat' dir='ltr'>exitiosus,-</span> 
     </span>
    </p>
   </div>
   <div class='ocr_carea' id='block_1_4' title="bbox 518 1013 2614 1324">
    <p class='ocr_par' dir='ltr' id='par_1_4' title="bbox 518 1013 2614 1324">
     <span class='ocr_line' id='line_1_5' title="bbox 613 1013 2613 1116; baseline -0.001 -29"><span class='ocrx_word' id='word_1_18' title='bbox 613 1093 622 1101; x_wconf 55' lang='lat'><em>‚</em></span> <span class='ocrx_word' id='word_1_19' title='bbox 727 1017 1077 1116; x_wconf 86' lang='lat' dir='ltr'>Inprimis</span> <span class='ocrx_word' id='word_1_20' title='bbox 1116 1034 1363 1090; x_wconf 90' lang='lat' dir='ltr'>autem</span> <span class='ocrx_word' id='word_1_21' title='bbox 1402 1039 1767 1088; x_wconf 87' lang='lat' dir='ltr'>summam</span> <span class='ocrx_word' id='word_1_22' title='bbox 1814 1017 2069 1089; x_wconf 86' lang='lat' dir='ltr'>virtuti</span> <span class='ocrx_word' id='word_1_23' title='bbox 2112 1013 2613 1089; x_wconf 83' lang='lat' dir='ltr'>calamitatem</span> 
     </span>
     <span class='ocr_line' id='line_1_6' title="bbox 518 1118 2614 1213; baseline 0 -23"><span class='ocrx_word' id='word_1_24' title='bbox 518 1119 797 1192; x_wconf 85' lang='lat' dir='ltr'>inferre</span> <span class='ocrx_word' id='word_1_25' title='bbox 836 1118 1033 1195; x_wconf 90' lang='lat' dir='ltr'>solet</span> <span class='ocrx_word' id='word_1_26' title='bbox 1067 1148 1320 1194; x_wconf 71' lang='lat' dir='ltr'>sermo</span> <span class='ocrx_word' id='word_1_27' title='bbox 1358 1120 1627 1193; x_wconf 77' lang='lat' dir='ltr'>mundi</span> <span class='ocrx_word' id='word_1_28' title='bbox 1651 1122 2036 1213; x_wconf 77' lang='lat' dir='ltr'>politioris·</span> <span class='ocrx_word' id='word_1_29' title='bbox 2060 1118 2497 1195; x_wconf 81' lang='lat' dir='ltr'>moralitati</span> <span class='ocrx_word' id='word_1_30' title='bbox 2516 1143 2614 1191; x_wconf 86' lang='lat' dir='ltr'>ac</span> 
     </span>
     <span class='ocr_line' id='line_1_7' title="bbox 521 1220 1848 1324; baseline 0 -25"><span class='ocrx_word' id='word_1_31' title='bbox 521 1229 789 1299; x_wconf 75' lang='lat' dir='ltr'>virtuti</span> <span class='ocrx_word' id='word_1_32' title='bbox 820 1231 1169 1299; x_wconf 80' lang='lat' dir='ltr'>inimicas</span> <span class='ocrx_word' id='word_1_33' title='bbox 1201 1228 1305 1324; x_wconf 72' lang='lat'><em>²¹²),</em></span> <span class='ocrx_word' id='word_1_34' title='bbox 1361 1251 1512 1324; x_wconf 90' lang='lat' dir='ltr'>quo</span> <span class='ocrx_word' id='word_1_35' title='bbox 1554 1220 1848 1299; x_wconf 83' lang='lat' dir='ltr'>scilicet</span> 
     </span>
    </p>
   </div>
   <div class='ocr_carea' id='block_1_5' title="bbox 511 1367 2703 3034">
    <p class='ocr_par' dir='ltr' id='par_1_5' title="bbox 511 1367 2703 3034">
     <span class='ocr_line' id='line_1_8' title="bbox 736 1367 2615 1465; baseline -0.004 -19"><span class='ocrx_word' id='word_1_36' title='bbox 736 1378 803 1462; x_wconf 82' lang='lat'>1)</span> <span class='ocrx_word' id='word_1_37' title='bbox 844 1373 1045 1445; x_wconf 81' lang='lat' dir='ltr'>Boni</span> <span class='ocrx_word' id='word_1_38' title='bbox 1082 1373 1355 1446; x_wconf 76' lang='lat' dir='ltr'>malive</span> <span class='ocrx_word' id='word_1_39' title='bbox 1398 1374 1719 1445; x_wconf 81' lang='lat' dir='ltr'>moralis</span> <span class='ocrx_word' id='word_1_40' title='bbox 1757 1372 2209 1462; x_wconf 80' lang='lat' dir='ltr'><em>discrimen,</em></span> <span class='ocrx_word' id='word_1_41' title='bbox 2255 1383 2401 1441; x_wconf 82' lang='lat' dir='ltr'>aut</span> <span class='ocrx_word' id='word_1_42' title='bbox 2416 1367 2615 1465; x_wconf 82' lang='lat' dir='ltr'>finis</span> 
     </span>
     <span class='ocr_line' id='line_1_9' title="bbox 517 1472 2613 1577; baseline -0.004 -28"><span class='ocrx_word' id='word_1_43' title='bbox 517 1476 1093 1577; x_wconf 80' lang='lat' dir='ltr'>destinatioque</span> <span class='ocrx_word' id='word_1_44' title='bbox 1112 1475 1434 1549; x_wconf 78' lang='lat' dir='ltr'>hominis</span> <span class='ocrx_word' id='word_1_45' title='bbox 1451 1477 2010 1567; x_wconf 72' lang='lat' dir='ltr'>dissimulatur,</span> <span class='ocrx_word' id='word_1_46' title='bbox 2042 1488 2187 1546; x_wconf 77' lang='lat' dir='ltr'>aut</span> <span class='ocrx_word' id='word_1_47' title='bbox 2206 1472 2613 1545; x_wconf 77' lang='lat' dir='ltr'>honestum</span> 
     </span>
     <span class='ocr_line' id='line_1_10' title="bbox 518 1564 2610 1683; baseline -0.003 -30"><span class='ocrx_word' id='word_1_48' title='bbox 518 1605 692 1653; x_wconf 81' lang='lat' dir='ltr'>cum</span> <span class='ocrx_word' id='word_1_49' title='bbox 719 1581 914 1653; x_wconf 85' lang='lat' dir='ltr'>bono</span> <span class='ocrx_word' id='word_1_50' title='bbox 925 1581 1306 1683; x_wconf 73' lang='lat' dir='ltr'>jucundo,</span> <span class='ocrx_word' id='word_1_51' title='bbox 1355 1580 1838 1655; x_wconf 79' lang='lat' dir='ltr'>inhonestum</span> <span class='ocrx_word' id='word_1_52' title='bbox 1864 1605 2036 1654; x_wconf 82' lang='lat' dir='ltr'>eam</span> <span class='ocrx_word' id='word_1_53' title='bbox 2063 1578 2265 1651; x_wconf 85' lang='lat' dir='ltr'>malo</span> <span class='ocrx_word' id='word_1_54' title='bbox 2290 1564 2610 1649; x_wconf 77' lang='lat' dir='ltr'>molesto</span> 
     </span>
     <span class='ocr_line' id='line_1_11' title="bbox 511 1681 2615 1785; baseline -0.003 -28"><span class='ocrx_word' id='word_1_55' title='bbox 511 1688 838 1781; x_wconf 82' lang='lat' dir='ltr'><em>pessime</em></span> <span class='ocrx_word' id='word_1_56' title='bbox 856 1682 1376 1784; x_wconf 79' lang='lat' dir='ltr'>confunditur·</span> <span class='ocrx_word' id='word_1_57' title='bbox 1383 1714 1412 1776; x_wconf 87' lang='lat'>‚·</span> <span class='ocrx_word' id='word_1_58' title='bbox 1454 1711 1805 1785; x_wconf 83' lang='lat' dir='ltr'>quorsum</span> <span class='ocrx_word' id='word_1_59' title='bbox 1823 1684 2245 1758; x_wconf 84' lang='lat' dir='ltr'>referuntur</span> <span class='ocrx_word' id='word_1_60' title='bbox 2264 1681 2464 1755; x_wconf 81' lang='lat' dir='ltr'>varia</span> <span class='ocrx_word' id='word_1_61' title='bbox 2483 1704 2615 1779; x_wconf 91' lang='lat' dir='ltr'>po·</span> 
     </span>
     <span class='ocr_line' id='line_1_12' title="bbox 515 1780 2615 1890; baseline -0.001 -31"><span class='ocrx_word' id='word_1_62' title='bbox 515 1787 788 1862; x_wconf 85' lang='lat' dir='ltr'>litioris</span> <span class='ocrx_word' id='word_1_63' title='bbox 812 1790 1072 1863; x_wconf 88' lang='lat' dir='ltr'>mundi</span> <span class='ocrx_word' id='word_1_64' title='bbox 1092 1794 1505 1865; x_wconf 77' lang='lat' dir='ltr'>axiomata</span> <span class='ocrx_word' id='word_1_65' title='bbox 1522 1817 1544 1861; x_wconf 91' lang='lat'>.·</span> <span class='ocrx_word' id='word_1_66' title='bbox 1580 1798 1647 1879; x_wconf 88' lang='lat' dir='ltr'>a)</span> <span class='ocrx_word' id='word_1_67' title='bbox 1662 1789 1875 1890; x_wconf 78' lang='lat' dir='ltr'>Quid</span> <span class='ocrx_word' id='word_1_68' title='bbox 1888 1789 2036 1861; x_wconf 69' lang='lat' dir='ltr'>Dec·</span> <span class='ocrx_word' id='word_1_69' title='bbox 2053 1791 2400 1876; x_wconf 79' lang='lat' dir='ltr'>interest,</span> <span class='ocrx_word' id='word_1_70' title='bbox 2422 1780 2615 1885; x_wconf 82' lang='lat' dir='ltr'>quid</span> 
     </span>
     <span class='ocr_line' id='line_1_13' title="bbox 523 1890 2612 1991; baseline -0.003 -25"><span class='ocrx_word' id='word_1_71' title='bbox 523 1909 773 1991; x_wconf 80' lang='lat' dir='ltr'>agunt</span> <span class='ocrx_word' id='word_1_72' title='bbox 805 1894 1190 1968; x_wconf 80' lang='lat' dir='ltr'>homines!</span> <span class='ocrx_word' id='word_1_73' title='bbox 1230 1894 1452 1967; x_wconf 82' lang='lat' dir='ltr'>Certe</span> <span class='ocrx_word' id='word_1_74' title='bbox 1471 1898 1672 1969; x_wconf 86' lang='lat' dir='ltr'>Deus</span> <span class='ocrx_word' id='word_1_75' title='bbox 1697 1894 1934 1968; x_wconf 83' lang='lat' dir='ltr'>nostri</span> <span class='ocrx_word' id='word_1_76' title='bbox 1953 1890 2151 1964; x_wconf 85' lang='lat' dir='ltr'>haud</span> <span class='ocrx_word' id='word_1_77' title='bbox 2173 1891 2475 1989; x_wconf 88' lang='lat' dir='ltr'>indigus</span> <span class='ocrx_word' id='word_1_78' title='bbox 2495 1912 2612 1960; x_wconf 87' lang='lat' dir='ltr'>so-</span> 
     </span>
     <span class='ocr_line' id='line_1_14' title="bbox 517 1989 2614 2098; baseline -0.002 -30"><span class='ocrx_word' id='word_1_79' title='bbox 517 1995 675 2069; x_wconf 89' lang='lat' dir='ltr'>lum</span> <span class='ocrx_word' id='word_1_80' title='bbox 703 2023 840 2070; x_wconf 88' lang='lat' dir='ltr'>nos</span> <span class='ocrx_word' id='word_1_81' title='bbox 868 2000 1192 2071; x_wconf 80' lang='lat' dir='ltr'>maxime</span> <span class='ocrx_word' id='word_1_82' title='bbox 1219 1997 1476 2073; x_wconf 87' lang='lat' dir='ltr'>felices</span> <span class='ocrx_word' id='word_1_83' title='bbox 1505 2001 1752 2098; x_wconf 82' lang='lat' dir='ltr'>cupit3</span> <span class='ocrx_word' id='word_1_84' title='bbox 1798 1995 2375 2097; x_wconf 83' lang='lat' dir='ltr'>quidquidergo</span> <span class='ocrx_word' id='word_1_85' title='bbox 2412 1989 2614 2065; x_wconf 89' lang='lat' dir='ltr'>dele-</span> 
     </span>
     <span class='ocr_line' id='line_1_15' title="bbox 519 2094 2613 2202; baseline -0.001 -31"><span class='ocrx_word' id='word_1_86' title='bbox 519 2116 697 2191; x_wconf 88' lang='lat' dir='ltr'>ctat,</span> <span class='ocrx_word' id='word_1_87' title='bbox 733 2103 1062 2176; x_wconf 82' lang='lat' dir='ltr'>hominis</span> <span class='ocrx_word' id='word_1_88' title='bbox 1085 2102 1365 2177; x_wconf 87' lang='lat' dir='ltr'>bonurn</span> <span class='ocrx_word' id='word_1_89' title='bbox 1390 2122 1522 2179; x_wconf 90' lang='lat' dir='ltr'>est.</span> <span class='ocrx_word' id='word_1_90' title='bbox 1568 2103 1820 2202; x_wconf 58' lang='lat' dir='ltr'>meur</span> <span class='ocrx_word' id='word_1_91' title='bbox 1840 2099 2459 2199; x_wconf 84' lang='lat' dir='ltr'>totjucunditatis</span> <span class='ocrx_word' id='word_1_92' title='bbox 2485 2094 2613 2169; x_wconf 85' lang='lat' dir='ltr'>ob.-</span> 
     </span>
     <span class='ocr_line' id='line_1_16' title="bbox 515 2200 2606 2308; baseline -0.002 -32"><span class='ocrx_word' id='word_1_93' title='bbox 515 2205 712 2304; x_wconf 85' lang='lat' dir='ltr'>jecta</span> <span class='ocrx_word' id='word_1_94' title='bbox 751 2206 988 2281; x_wconf 87' lang='lat' dir='ltr'>bonus</span> <span class='ocrx_word' id='word_1_95' title='bbox 1023 2211 1221 2283; x_wconf 86' lang='lat' dir='ltr'>Deus</span> <span class='ocrx_word' id='word_1_96' title='bbox 1266 2206 1648 2308; x_wconf 79' lang='lat' dir='ltr'>praebuit,</span> <span class='ocrx_word' id='word_1_97' title='bbox 1695 2235 1827 2282; x_wconf 89' lang='lat' dir='ltr'>cur</span> <span class='ocrx_word' id='word_1_98' title='bbox 1866 2229 2142 2303; x_wconf 85' lang='lat' dir='ltr'>organa</span> <span class='ocrx_word' id='word_1_99' title='bbox 2181 2202 2434 2292; x_wconf 85' lang='lat' dir='ltr'>dedit,</span> <span class='ocrx_word' id='word_1_100' title='bbox 2496 2200 2606 2272; x_wconf 90' lang='lat' dir='ltr'>ni·</span> 
     </span>
     <span class='ocr_line' id='line_1_17' title="bbox 517 2305 2611 2411; baseline -0.003 -30"><span class='ocrx_word' id='word_1_101' title='bbox 517 2309 582 2381; x_wconf 88' lang='lat' dir='ltr'>si</span> <span class='ocrx_word' id='word_1_102' title='bbox 659 2327 734 2383; x_wconf 90' lang='lat' dir='ltr'>ut</span> <span class='ocrx_word' id='word_1_103' title='bbox 805 2312 1134 2385; x_wconf 78' lang='lat' dir='ltr'>fruamur</span> <span class='ocrx_word' id='word_1_104' title='bbox 1208 2310 1706 2411; x_wconf 67' lang='lat' dir='ltr'>utamurque?</span> <span class='ocrx_word' id='word_1_105' title='bbox 1786 2318 1854 2398; x_wconf 92' lang='lat' dir='ltr'>c)</span> <span class='ocrx_word' id='word_1_106' title='bbox 1921 2315 2289 2383; x_wconf 85' lang='lat' dir='ltr'>Fruamur</span> <span class='ocrx_word' id='word_1_107' title='bbox 2348 2305 2611 2395; x_wconf 89' lang='lat' dir='ltr'>bonis,</span> 
     </span>
     <span class='ocr_line' id='line_1_18' title="bbox 519 2410 2612 2508; baseline -0.002 -23"><span class='ocrx_word' id='word_1_108' title='bbox 519 2412 699 2487; x_wconf 86' lang='lat' dir='ltr'>dum</span> <span class='ocrx_word' id='word_1_109' title='bbox 766 2432 977 2488; x_wconf 87' lang='lat' dir='ltr'>sunt:</span> <span class='ocrx_word' id='word_1_110' title='bbox 1055 2418 1232 2508; x_wconf 82' lang='lat' dir='ltr'>erit,</span> <span class='ocrx_word' id='word_1_111' title='bbox 1309 2418 1485 2488; x_wconf 88' lang='lat' dir='ltr'>dum</span> <span class='ocrx_word' id='word_1_112' title='bbox 1559 2418 1701 2490; x_wconf 80' lang='lat' dir='ltr'>frui</span> <span class='ocrx_word' id='word_1_113' title='bbox 1772 2442 1927 2488; x_wconf 88' lang='lat' dir='ltr'>non</span> <span class='ocrx_word' id='word_1_114' title='bbox 1993 2415 2237 2487; x_wconf 83' lang='lat' dir='ltr'>liceat.</span> <span class='ocrx_word' id='word_1_115' title='bbox 2320 2413 2403 2502; x_wconf 84' lang='lat' dir='ltr'>d)</span> <span class='ocrx_word' id='word_1_116' title='bbox 2466 2410 2612 2502; x_wconf 88' lang='lat' dir='ltr'>Qui</span> 
     </span>
     <span class='ocr_line' id='line_1_19' title="bbox 518 2507 2610 2618; baseline -0.002 -28"><span class='ocrx_word' id='word_1_117' title='bbox 518 2517 671 2614; x_wconf 25' lang='lat' dir='ltr'>sibi„</span> <span class='ocrx_word' id='word_1_118' title='bbox 722 2546 1082 2618; x_wconf 82' lang='lat' dir='ltr'>nequam,</span> <span class='ocrx_word' id='word_1_119' title='bbox 1153 2520 1270 2595; x_wconf 86' lang='lat' dir='ltr'>cui</span> <span class='ocrx_word' id='word_1_120' title='bbox 1329 2520 1626 2597; x_wconf 69' lang='lat' dir='ltr'>bonus?</span> <span class='ocrx_word' id='word_1_121' title='bbox 1699 2507 1764 2609; x_wconf 69' lang='grc' dir='ltr'>ὃ)</span> <span class='ocrx_word' id='word_1_122' title='bbox 1818 2518 2173 2618; x_wconf 88' lang='lat' dir='ltr'>Nunquid</span> <span class='ocrx_word' id='word_1_123' title='bbox 2222 2516 2610 2589; x_wconf 89' lang='lat' dir='ltr'>hominem</span> 
     </span>
     <span class='ocr_line' id='line_1_20' title="bbox 520 2621 2610 2720; baseline -0.003 -25"><span class='ocrx_word' id='word_1_124' title='bbox 520 2621 1028 2698; x_wconf 65' lang='lat' dir='ltr'>exuam2&#39;aut</span> <span class='ocrx_word' id='word_1_125' title='bbox 1073 2626 1410 2700; x_wconf 83' lang='lat' dir='ltr'>exoticus</span> <span class='ocrx_word' id='word_1_126' title='bbox 1461 2622 1980 2720; x_wconf 80' lang='lat' dir='ltr'>(Sonderling)</span> <span class='ocrx_word' id='word_1_127' title='bbox 2026 2624 2219 2696; x_wconf 65' lang='lat' dir='ltr'>sim?</span> <span class='ocrx_word' id='word_1_128' title='bbox 2277 2622 2610 2695; x_wconf 84' lang='lat' dir='ltr'>Concor-</span> 
     </span>
     <span class='ocr_line' id='line_1_21' title="bbox 517 2725 2703 2828; baseline -0.002 -30"><span class='ocrx_word' id='word_1_129' title='bbox 517 2725 611 2798; x_wconf 88' lang='lat' dir='ltr'>da</span> <span class='ocrx_word' id='word_1_130' title='bbox 667 2742 1047 2828; x_wconf 84' lang='lat' dir='ltr'>tempora,</span> <span class='ocrx_word' id='word_1_131' title='bbox 1123 2747 1197 2803; x_wconf 89' lang='lat' dir='ltr'>et</span> <span class='ocrx_word' id='word_1_132' title='bbox 1250 2729 1747 2804; x_wconf 77' lang='lat' dir='ltr'>concordabis</span> <span class='ocrx_word' id='word_1_133' title='bbox 1813 2732 2000 2826; x_wconf 83' lang='lat' dir='ltr'>jura.</span> <span class='ocrx_word' id='word_1_134' title='bbox 2082 2726 2266 2819; x_wconf 85' lang='lat' dir='ltr'>Quis</span> <span class='ocrx_word' id='word_1_135' title='bbox 2322 2725 2611 2821; x_wconf 87' lang='lat' dir='ltr'>antiqu·</span> <span class='ocrx_word' id='word_1_136' title='bbox 2696 2735 2703 2740; x_wconf 82' lang='grc'><strong><em>’</em></strong></span> 
     </span>
     <span class='ocr_line' id='line_1_22' title="bbox 518 2827 2610 2933; baseline -0.002 -31"><span class='ocrx_word' id='word_1_137' title='bbox 518 2855 645 2903; x_wconf 90' lang='lat' dir='ltr'>um</span> <span class='ocrx_word' id='word_1_138' title='bbox 701 2833 1027 2932; x_wconf 85' lang='lat' dir='ltr'>rigorem</span> <span class='ocrx_word' id='word_1_139' title='bbox 1082 2830 1325 2908; x_wconf 73' lang='lat' dir='ltr'>ferat?</span> <span class='ocrx_word' id='word_1_140' title='bbox 1395 2835 1452 2924; x_wconf 90' lang='lat' dir='ltr'>f)</span> <span class='ocrx_word' id='word_1_141' title='bbox 1501 2836 1660 2908; x_wconf 91' lang='lat' dir='ltr'>Hoc</span> <span class='ocrx_word' id='word_1_142' title='bbox 1707 2832 2117 2933; x_wconf 82' lang='lat' dir='ltr'>sapientiae</span> <span class='ocrx_word' id='word_1_143' title='bbox 2173 2827 2610 2928; x_wconf 88' lang='lat' dir='ltr'>compendi-</span> 
     </span>
     <span class='ocr_line' id='line_1_23' title="bbox 516 2933 2701 3034; baseline -0.001 -28"><span class='ocrx_word' id='word_1_144' title='bbox 516 2961 686 3008; x_wconf 84' lang='lat' dir='ltr'>um:</span> <span class='ocrx_word' id='word_1_145' title='bbox 725 2938 1095 3016; x_wconf 65' lang='lat' dir='ltr'>„Jucunde</span> <span class='ocrx_word' id='word_1_146' title='bbox 1151 2939 1384 3011; x_wconf 89' lang='lat' dir='ltr'>vivito</span> <span class='ocrx_word' id='word_1_147' title='bbox 1441 2957 1516 3012; x_wconf 92' lang='lat' dir='ltr'>et</span> <span class='ocrx_word' id='word_1_148' title='bbox 1567 2937 1783 3011; x_wconf 86' lang='lat' dir='ltr'>beate</span> <span class='ocrx_word' id='word_1_149' title='bbox 1836 2962 2131 3010; x_wconf 83' lang='lat' dir='ltr'>morere</span> <span class='ocrx_word' id='word_1_150' title='bbox 2187 2933 2440 3033; x_wconf 86' lang='lat' dir='ltr'>(lustig</span> <span class='ocrx_word' id='word_1_151' title='bbox 2497 2956 2633 3034; x_wconf 39' lang='lat' dir='ltr'>geffi</span> <span class='ocrx_word' id='word_1_152' title='bbox 2696 2977 2701 2982; x_wconf 91' lang='lat'><em>·</em></span> 
     </span>
    </p>
   </div>
   <div class='ocr_carea' id='block_1_6' title="bbox 375 3036 2608 3144">
    <p class='ocr_par' dir='ltr' id='par_1_6' title="bbox 375 3036 2608 3144">
     <span class='ocr_line' id='line_1_24' title="bbox 375 3036 2608 3144; baseline -0.002 -32"><span class='ocrx_word' id='word_1_153' title='bbox 375 3125 385 3134; x_wconf 25' lang='lat'>³</span> <span class='ocrx_word' id='word_1_154' title='bbox 457 3109 464 3120; x_wconf 76' lang='grc'><em>,</em></span> <span class='ocrx_word' id='word_1_155' title='bbox 514 3036 719 3134; x_wconf 70' lang='lat' dir='ltr'>lebt,</span> <span class='ocrx_word' id='word_1_156' title='bbox 796 3045 977 3144; x_wconf 86' lang='lat' dir='ltr'>selig</span> <span class='ocrx_word' id='word_1_157' title='bbox 1033 3041 1494 3143; x_wconf 81' lang='lat' dir='ltr'>gestorben).</span> <span class='ocrx_word' id='word_1_158' title='bbox 1567 3085 1670 3136; x_wconf 83' lang='lat'><strong>····:</strong></span> <span class='ocrx_word' id='word_1_159' title='bbox 1743 3041 1890 3113; x_wconf 87' lang='lat' dir='ltr'>Sed</span> <span class='ocrx_word' id='word_1_160' title='bbox 1944 3040 2145 3112; x_wconf 89' lang='lat' dir='ltr'>enim</span> <span class='ocrx_word' id='word_1_161' title='bbox 2197 3040 2398 3111; x_wconf 90' lang='lat' dir='ltr'>Deus</span> <span class='ocrx_word' id='word_1_162' title='bbox 2456 3062 2608 3109; x_wconf 87' lang='lat' dir='ltr'>non</span> 
     </span>
    </p>
   </div>
   <div class='ocr_carea' id='block_1_7' title="bbox 477 3142 2620 4274">
    <p class='ocr_par' dir='ltr' id='par_1_7' title="bbox 477 3142 2620 4274">
     <span class='ocr_line' id='line_1_25' title="bbox 518 3142 2609 3246; baseline -0.002 -31"><span class='ocrx_word' id='word_1_163' title='bbox 518 3159 672 3233; x_wconf 87' lang='lat' dir='ltr'>est,</span> <span class='ocrx_word' id='word_1_164' title='bbox 726 3146 804 3217; x_wconf 92' lang='lat' dir='ltr'>ni</span> <span class='ocrx_word' id='word_1_165' title='bbox 842 3164 1143 3220; x_wconf 88' lang='lat' dir='ltr'>sanctus</span> <span class='ocrx_word' id='word_1_166' title='bbox 1182 3148 1316 3237; x_wconf 90' lang='lat' dir='ltr'>sit,</span> <span class='ocrx_word' id='word_1_167' title='bbox 1373 3148 1454 3219; x_wconf 91' lang='lat' dir='ltr'>ni</span> <span class='ocrx_word' id='word_1_168' title='bbox 1493 3146 1805 3219; x_wconf 87' lang='lat' dir='ltr'>honesta</span> <span class='ocrx_word' id='word_1_169' title='bbox 1846 3146 2158 3246; x_wconf 85' lang='lat' dir='ltr'>probet,</span> <span class='ocrx_word' id='word_1_170' title='bbox 2213 3142 2609 3215; x_wconf 87' lang='lat' dir='ltr'>inhonesta</span> 
     </span>
     <span class='ocr_line' id='line_1_26' title="bbox 485 3242 2609 3350; baseline -0.001 -32"><span class='ocrx_word' id='word_1_171' title='bbox 485 3248 916 3345; x_wconf 63' lang='lat' dir='ltr'>reprobet,</span> <span class='ocrx_word' id='word_1_172' title='bbox 993 3248 1415 3350; x_wconf 88' lang='lat' dir='ltr'>prohibeat.</span> <span class='ocrx_word' id='word_1_173' title='bbox 1492 3255 1899 3324; x_wconf 88' lang='lat' dir='ltr'>Aeternum</span> <span class='ocrx_word' id='word_1_174' title='bbox 1970 3264 2080 3320; x_wconf 90' lang='lat' dir='ltr'>est</span> <span class='ocrx_word' id='word_1_175' title='bbox 2146 3247 2329 3319; x_wconf 87' lang='lat' dir='ltr'>boni</span> <span class='ocrx_word' id='word_1_176' title='bbox 2402 3242 2609 3317; x_wconf 86' lang='lat' dir='ltr'>mali·</span> 
     </span>
     <span class='ocr_line' id='line_1_27' title="bbox 521 3351 2610 3452; baseline -0.001 -30"><span class='ocrx_word' id='word_1_177' title='bbox 521 3376 668 3449; x_wconf 90' lang='lat' dir='ltr'>que</span> <span class='ocrx_word' id='word_1_178' title='bbox 725 3352 1069 3446; x_wconf 82' lang='lat' dir='ltr'>moralis,</span> <span class='ocrx_word' id='word_1_179' title='bbox 1131 3354 1442 3452; x_wconf 84' lang='lat' dir='ltr'>jucundi</span> <span class='ocrx_word' id='word_1_180' title='bbox 1498 3372 1571 3427; x_wconf 91' lang='lat' dir='ltr'>et</span> <span class='ocrx_word' id='word_1_181' title='bbox 1623 3355 1921 3428; x_wconf 89' lang='lat' dir='ltr'>honesti</span> <span class='ocrx_word' id='word_1_182' title='bbox 1978 3351 2423 3425; x_wconf 69' lang='lat' dir='ltr'>discrimem</span> <span class='ocrx_word' id='word_1_183' title='bbox 2466 3351 2610 3421; x_wconf 80' lang='lat' dir='ltr'>Ex·</span> 
     </span>
     <span class='ocr_line' id='line_1_28' title="bbox 509 3453 2612 3557; baseline -0.002 -29"><span class='ocrx_word' id='word_1_184' title='bbox 509 3454 792 3528; x_wconf 83' lang='lat' dir='ltr'>celsior</span> <span class='ocrx_word' id='word_1_185' title='bbox 847 3458 1173 3531; x_wconf 86' lang='lat' dir='ltr'>hominis</span> <span class='ocrx_word' id='word_1_186' title='bbox 1247 3460 1410 3530; x_wconf 83' lang='lat' dir='ltr'>finis</span> <span class='ocrx_word' id='word_1_187' title='bbox 1468 3476 1542 3531; x_wconf 90' lang='lat' dir='ltr'>et</span> <span class='ocrx_word' id='word_1_188' title='bbox 1594 3457 1749 3542; x_wconf 48' lang='lat' dir='ltr'>flia</span> <span class='ocrx_word' id='word_1_189' title='bbox 1806 3459 1900 3531; x_wconf 89' lang='lat' dir='ltr'>ad</span> <span class='ocrx_word' id='word_1_190' title='bbox 1956 3458 2181 3528; x_wconf 84' lang='lat' dir='ltr'>finem</span> <span class='ocrx_word' id='word_1_191' title='bbox 2236 3453 2612 3557; x_wconf 87' lang='lat' dir='ltr'>praesidia</span> 
     </span>
     <span class='ocr_line' id='line_1_29' title="bbox 521 3553 2609 3656; baseline -0.002 -25"><span class='ocrx_word' id='word_1_192' title='bbox 521 3565 630 3656; x_wconf 68' lang='lat' dir='ltr'>(S.</span> <span class='ocrx_word' id='word_1_193' title='bbox 672 3562 1056 3654; x_wconf 85' lang='lat'><strong>5—10.):</strong></span> <span class='ocrx_word' id='word_1_194' title='bbox 1121 3564 1376 3655; x_wconf 81' lang='lat' dir='ltr'>»Quae</span> <span class='ocrx_word' id='word_1_195' title='bbox 1427 3553 1908 3635; x_wconf 84' lang='lat' dir='ltr'>seminaverit</span> <span class='ocrx_word' id='word_1_196' title='bbox 1949 3562 2224 3652; x_wconf 81' lang='lat' dir='ltr'>homo,</span> <span class='ocrx_word' id='word_1_197' title='bbox 2298 3559 2489 3631; x_wconf 87' lang='lat' dir='ltr'>haec</span> <span class='ocrx_word' id='word_1_198' title='bbox 2538 3571 2609 3627; x_wconf 87' lang='lat' dir='ltr'>et</span> 
     </span>
     <span class='ocr_line' id='line_1_30' title="bbox 527 3659 2611 3765; baseline -0.004 -26"><span class='ocrx_word' id='word_1_199' title='bbox 527 3681 845 3739; x_wconf 73' lang='lat' dir='ltr'>»metetz</span> <span class='ocrx_word' id='word_1_200' title='bbox 903 3667 1300 3764; x_wconf 87' lang='lat' dir='ltr'>quoniam,</span> <span class='ocrx_word' id='word_1_201' title='bbox 1358 3669 1485 3765; x_wconf 89' lang='lat' dir='ltr'>qui</span> <span class='ocrx_word' id='word_1_202' title='bbox 1528 3667 1847 3739; x_wconf 88' lang='lat' dir='ltr'>seminat</span> <span class='ocrx_word' id='word_1_203' title='bbox 1886 3669 1964 3740; x_wconf 89' lang='lat' dir='ltr'>in</span> <span class='ocrx_word' id='word_1_204' title='bbox 2014 3691 2238 3738; x_wconf 88' lang='lat' dir='ltr'>carne</span> <span class='ocrx_word' id='word_1_205' title='bbox 2284 3690 2459 3756; x_wconf 84' lang='lat' dir='ltr'>sua,</span> <span class='ocrx_word' id='word_1_206' title='bbox 2522 3659 2611 3731; x_wconf 91' lang='lat' dir='ltr'>de</span> 
     </span>
     <span class='ocr_line' id='line_1_31' title="bbox 528 3763 2613 3870; baseline -0.005 -25"><span class='ocrx_word' id='word_1_207' title='bbox 528 3795 799 3845; x_wconf 76' lang='lat' dir='ltr'>»carne</span> <span class='ocrx_word' id='word_1_208' title='bbox 847 3788 922 3844; x_wconf 91' lang='lat' dir='ltr'>et</span> <span class='ocrx_word' id='word_1_209' title='bbox 968 3787 1201 3844; x_wconf 88' lang='lat' dir='ltr'>metet</span> <span class='ocrx_word' id='word_1_210' title='bbox 1245 3772 1847 3870; x_wconf 79' lang='lat' dir='ltr'>corruptionem3</span> <span class='ocrx_word' id='word_1_211' title='bbox 1920 3770 2045 3868; x_wconf 91' lang='lat' dir='ltr'>qui</span> <span class='ocrx_word' id='word_1_212' title='bbox 2100 3787 2345 3842; x_wconf 85' lang='lat' dir='ltr'>autem</span> <span class='ocrx_word' id='word_1_213' title='bbox 2393 3763 2613 3839; x_wconf 86' lang='lat' dir='ltr'>semi-</span> 
     </span>
     <span class='ocr_line' id='line_1_32' title="bbox 529 3875 2610 3976; baseline -0.003 -29"><span class='ocrx_word' id='word_1_214' title='bbox 529 3890 705 3947; x_wconf 74' lang='lat' dir='ltr'>nnat</span> <span class='ocrx_word' id='word_1_215' title='bbox 742 3876 820 3946; x_wconf 87' lang='lat' dir='ltr'>in</span> <span class='ocrx_word' id='word_1_216' title='bbox 861 3876 1168 3976; x_wconf 89' lang='lat' dir='ltr'>spiritu,</span> <span class='ocrx_word' id='word_1_217' title='bbox 1224 3876 1318 3949; x_wconf 88' lang='lat' dir='ltr'>de</span> <span class='ocrx_word' id='word_1_218' title='bbox 1360 3878 1629 3975; x_wconf 87' lang='lat' dir='ltr'>spiritu</span> <span class='ocrx_word' id='word_1_219' title='bbox 1668 3890 1900 3947; x_wconf 87' lang='lat' dir='ltr'>metet</span> <span class='ocrx_word' id='word_1_220' title='bbox 1942 3875 2165 3946; x_wconf 86' lang='lat' dir='ltr'>vitam</span> <span class='ocrx_word' id='word_1_221' title='bbox 2205 3889 2610 3945; x_wconf 86' lang='lat' dir='ltr'>aeternam.</span> 
     </span>
     <span class='ocr_line' id='line_1_33' title="bbox 529 3977 2613 4073; baseline -0.003 -22"><span class='ocrx_word' id='word_1_222' title='bbox 529 3978 907 4052; x_wconf 68' lang='lat' dir='ltr'>»Verbum</span> <span class='ocrx_word' id='word_1_223' title='bbox 956 3980 1263 4053; x_wconf 88' lang='lat' dir='ltr'>Domini</span> <span class='ocrx_word' id='word_1_224' title='bbox 1309 3996 1564 4052; x_wconf 86' lang='lat' dir='ltr'>manet</span> <span class='ocrx_word' id='word_1_225' title='bbox 1617 3980 1693 4050; x_wconf 89' lang='lat' dir='ltr'>in</span> <span class='ocrx_word' id='word_1_226' title='bbox 1753 3995 2163 4058; x_wconf 83' lang='lat' dir='ltr'>aeternum.</span> <span class='ocrx_word' id='word_1_227' title='bbox 2210 4051 2215 4062; x_wconf 8' lang='grc' dir='ltr'>Ν,</span> <span class='ocrx_word' id='word_1_228' title='bbox 2242 3977 2391 4068; x_wconf 87' lang='lat' dir='ltr'>Qui</span> <span class='ocrx_word' id='word_1_229' title='bbox 2437 3996 2613 4073; x_wconf 89' lang='lat' dir='ltr'>ergo</span> 
     </span>
     <span class='ocr_line' id='line_1_34' title="bbox 477 4072 2620 4183; baseline -0.002 -29"><span class='ocrx_word' id='word_1_230' title='bbox 477 4093 481 4097; x_wconf 77' lang='grc'><strong><em>’</em></strong></span> <span class='ocrx_word' id='word_1_231' title='bbox 528 4072 800 4154; x_wconf 65' lang='lat' dir='ltr'>{isolvit</span> <span class='ocrx_word' id='word_1_232' title='bbox 840 4079 1068 4174; x_wconf 82' lang='lat' dir='ltr'>(male</span> <span class='ocrx_word' id='word_1_233' title='bbox 1119 4083 1468 4158; x_wconf 90' lang='lat' dir='ltr'>docendo</span> <span class='ocrx_word' id='word_1_234' title='bbox 1510 4081 1931 4183; x_wconf 87' lang='lat' dir='ltr'>agendove)</span> <span class='ocrx_word' id='word_1_235' title='bbox 1979 4108 2207 4154; x_wconf 88' lang='lat' dir='ltr'>unum</span> <span class='ocrx_word' id='word_1_236' title='bbox 2263 4081 2357 4153; x_wconf 90' lang='lat' dir='ltr'>de</span> <span class='ocrx_word' id='word_1_237' title='bbox 2415 4104 2620 4151; x_wconf 89' lang='lat' dir='ltr'>man·</span> 
     </span>
     <span class='ocr_line' id='line_1_35' title="bbox 535 4184 2618 4274; baseline 0 -18"><span class='ocrx_word' id='word_1_238' title='bbox 535 4184 771 4264; x_wconf 68' lang='lat' dir='ltr'>»datis</span> <span class='ocrx_word' id='word_1_239' title='bbox 848 4187 1005 4263; x_wconf 86' lang='lat' dir='ltr'>istis</span> <span class='ocrx_word' id='word_1_240' title='bbox 1082 4188 1412 4274; x_wconf 78' lang='lat' dir='ltr'>minimis·</span> <span class='ocrx_word' id='word_1_241' title='bbox 1484 4204 1558 4264; x_wconf 83' lang='lat' dir='ltr'>et</span> <span class='ocrx_word' id='word_1_242' title='bbox 1631 4184 1976 4263; x_wconf 79' lang='lat' dir='ltr'>docuerit</span> <span class='ocrx_word' id='word_1_243' title='bbox 2045 4187 2156 4262; x_wconf 79' lang='lat' dir='ltr'>sic</span> <span class='ocrx_word' id='word_1_244' title='bbox 2228 4186 2618 4274; x_wconf 84' lang='lat' dir='ltr'>homines,</span> 
     </span>
    </p>
   </div>
   <div class='ocr_carea' id='block_1_8' title="bbox 2817 2432 2821 2968">
    <p class='ocr_par' dir='ltr' id='par_1_8' title="bbox 2817 2432 2821 2968">
     <span class='ocr_line' id='line_1_36' title="bbox 2817 2432 2821 2968; baseline 0 0"><span class='ocrx_word' id='word_1_245' title='bbox 2817 2432 2821 2968; x_wconf 95' lang='lat' dir='ltr'> </span> 
     </span>
    </p>
   </div>
  </div>
 </body>
</html>
