2846 4770
480 382 485 387 ’
521 377 648 456 351,
662 378 777 460 De
800 375 1039 439 christ.
1059 377 1299 440 virtut.
1314 371 1906 458 perfectionisque
1924 366 2285 433 subsidiis.
2311 353 2500 434 See-t}
2525 359 2662 428 He

697 567 825 635 ope
871 541 1101 610 confisi
1142 564 1339 609 nova-
1370 542 1705 607 alacritate
1748 539 1832 603 ad
1884 539 2145 625 quasvis
2187 537 2644 603 difficultates*

692 633 960 700 fortiter
991 631 1386 717 superandas
1420 646 1490 696 et
1522 629 1604 692 ad
1633 628 2104 712 perfectissime
2142 624 2470 708 agendum
2500 648 2625 694 nos

696 720 1179 786 exstimulamus
1193 740 1215 798 3
1264 718 1326 802 c)
1362 717 1470 782 cui
1510 714 1727 779 eidem
1764 714 2081 797 exercitio
2117 716 2370 795 quovis
2414 734 2628 792 anno,

698 807 755 871 si
793 808 983 879 licet,
1030 806 1277 891 aliquot
1320 803 1464 868 dies
1511 803 1814 887 sepositis
1860 800 2132 885 reliquis
2177 797 2465 881 negotiis
2507 798 2628 859 im-

699 894 992 979 pendere
1026 906 1280 954 ascetae
1315 892 1609 962 suadent,
1649 888 1759 973 qui
1790 887 1940 950 huic
1974 887 2073 949 rei
2110 886 2445 968 impensos
2484 887 2624 948 dies

701 1005 762 1043 s.
790 981 1129 1043 exercitia
1154 978 1560 1060 spiritualia
1585 990 1851 1049 vocant,
1889 974 1967 1036 ab
2004 973 2327 1036 ecclesiae
2369 973 2637 1056 praesu-

698 1066 871 1129 libus
917 1061 1176 1148 saepius
1213 1062 1664 1126 commendata
1705 1077 1775 1124 et
1814 1061 2073 1144 piorum
2111 1079 2233 1120 usu
2268 1057 2642 1121 uberrimo-

701 1172 831 1238 que
875 1148 1096 1214 fructu
1136 1150 1574 1233 comprobata.
1634 1148 1957 1241 Quemjn
1991 1146 2187 1217 finem
2222 1145 2451 1228 plures
2491 1167 2646 1230 pro-

705 1254 877 1302 stant
926 1238 1410 1300 triduanotum
1461 1238 2083 1316 octiduanorzumve
2125 1235 2646 1316 „exercitiorum

698 1325 877 1397 libri,
915 1322 1027 1407 qui
1057 1343 1284 1384 eorum
1307 1319 1833 1406 peragendorum
1865 1311 2095 1404 'praxin
2123 1331 2192 1383 et
2221 1316 2487 1378 modum
2525 1319 2644 1388 do,-

705 1425 857 1475 cent
898 1422 1434 1491 monstrantque3
1495 1427 1578 1471 ex
1623 1405 1856 1492 quibus
1904 1421 2085 1469 certe
2132 1424 2266 1465 non
2310 1404 2442 1465 ni'si
2488 1401 2646 1466 soli-

707 1498 881 1561 diori
918 1495 1213 1557 doctrina
1251 1494 1523 1569 morali,
1569 1514 1757 1577 quam
1797 1493 1864 1553 in
1902 1492 2198 1576 pluribus
2247 1491 2490 1552 merito
2532 1491 2648 1554 de-

709 1583 1142 1654 sideraveris,
1201 1581 1497 1664 insignes
1541 1581 1688 1642 usui
1733 1600 1878 1642 esse
1924 1592 2260 1662 poterunt.
2327 1578 2643 1640 Ceterum

704 1669 772 1757 5)
808 1685 1073 1754 praeter
1110 1668 1222 1731 has
1258 1667 1525 1751 spiritus
1556 1663 2511 1748 renovationessuscipiendae
2535 1665 2647 1740 ali-

705 1756 963 1843 quando
1003 1766 1153 1816 sunt
1181 1753 1347 1815 aliae
1387 1752 1557 1816 nulli
1598 1753 1879 1835 tempori
1918 1753 2218 1837 alligatae
2258 1772 2384 1834 pro
2420 1774 2647 1815 rerum

706 1841 1024 1925 adjunctis
1045 1851 1081 1914 ‚‘
1108 1860 1174 1902 e.
1225 1861 1290 1923 g.
1322 1838 1491 1906 ‚dum
1536 1839 1681 1924 quis
1729 1860 1799 1901 se
1844 1839 1914 1900 in
1957 1842 2061 1904 via
2106 1838 2367 1902 virtutis
2415 1841 2648 1901 remis·

708 1951 885 1998 sum,
931 1929 996 1987 in
1035 1924 1259 2008 culpas
1298 1946 1614 2006 pronum,
1660 1926 1923 2011 gravius
1959 1940 2315 1999 tentatum,
2362 1939 2476 1988 aut
2520 1927 2648 1986 sin-

709 2013 923 2098 gulari
965 2011 1209 2074 lumine
1254 2011 1650 2074 illustratum
1714 2026 1781 2075 et
1823 2009 2355 2096 inspirationibus
2406 2013 2645 2075 sanctis

704 2101 1056 2185 impulsum
1090 2096 1322 2175 sentit;
1372 2098 1527 2160 dum
1560 2120 1619 2161 e.
1651 2121 1714 2183 g.
1754 2098 2114 2162 adversitas
2151 2113 2259 2161 aut
2293 2118 2484 2164 casus
2520 2101 2648 2161 sin-

709 2186 994 2273 gularis,
1055 2184 1360 2258 morbus,
1422 2186 1683 2269 inopia,
1744 2185 1935 2248 amici
1985 2201 2093 2247 aut
2147 2186 2423 2247 alterins
2466 2208 2644 2247 mors

710 2275 791 2336 ad
828 2271 1150 2335 sanctiora
1192 2270 1521 2334 desideria
1558 2291 1678 2331 nos
1717 2274 1995 2348 excitat,
2040 2272 2190 2333 dum
2231 2274 2404 2334 ratio
2439 2288 2645 2333 status

707 2358 1231 2430 conditionisve,
1277 2357 1383 2420 vel
1420 2356 1672 2441 negotii
1709 2359 1994 2442 gravitas
2032 2358 2324 2443 speciale,
2353 2360 2642 2421 sanctius

703 2446 971 2509 vivendi
1029 2445 1441 2527 propositum
1505 2445 1982 2531 consiliumque
2045 2464 2411 2530 exposcere
2462 2446 2643 2508 vide-

703 2546 833 2599 tur.
896 2531 1018 2592 His
1079 2529 1342 2615 quidem
1393 2530 1465 2592 in
1522 2531 1843 2613 adjunctis
1903 2555 2092 2617 quam
2152 2535 2430 2595 maxime
2477 2534 2641 2595 utile

703 2620 838 2683 imo
881 2616 1324 2680 necessarium
1370 2617 1571 2700 vulgo
1619 2631 1754 2692 est,
1812 2631 1886 2681 ut
1930 2621 2080 2703 quis
2121 2640 2241 2695 eo,
2298 2640 2431 2700 quo
2477 2618 2641 2680 dixi-

702 2726 868 2780 mus,
908 2704 1107 2767 modo
1123 2706 1415 2783 spiritus
1439 2706 1600 2787 vigo
1609 2724 1749 2766 rtem
1768 2727 1854 2768 ac
1873 2709 2253 2777 sanctioris
2272 2712 2465 2769 vitae
2479 2729 2638 2786 pro-

698 2797 1011 2878 positum
1047 2789 1399 2861 instauret3
1460 2802 1531 2851 et
1567 2792 1823 2853 recenti
1857 2811 2009 2854 cum
2049 2805 2285 2854 conatu
2336 2813 2638 2876 novaque

708 2901 858 2942 cum
902 2875 1274 2947 alacritate,
1322 2869 1458 2937 acsi
1501 2875 1701 2939 hodie
1747 2878 2026 2960 primum
2072 2879 2298 2941 vivere
2345 2879 2645 2962 inceptu·

612 2968 627 3019 ἰ
703 2988 857 3040 rus,
902 2959 1320 3050 perfectioris
1355 2960 1526 3025 vitae
1564 2959 1963 3026 curriculum
1997 2979 2292 3048 repetat,
2341 2979 2536 3050 atque
2573 2965 2644 3026 in

574 3102 579 3105 .
644 3062 649 3081 “
701 3050 990 3116 Domino
1024 3045 1359 3112 confidens
1395 3068 1540 3111 cum
1576 3050 1901 3133 propheta
1935 3052 2293 3114 exclamet:
2334 3052 2432 3113 Et
2455 3054 2638 3129 dixi,

707 3160 890 3201 nune
926 3141 1162 3218 coepi:
1206 3137 1374 3197 haec
1408 3140 1706 3198 mutatio
1749 3139 2079 3201 dexterae
2112 3136 2382 3202 excelsi
2421 3135 2576 3218 171).

620 3216 727 3306 **)
769 3225 1075 3285 Ceterum
1102 3220 1550 3284 commendata
1588 3223 1925 3307 usquehuc
1953 3244 2027 3286 ac
2062 3223 2201 3285 fors
2237 3223 2410 3306 justo
2444 3223 2637 3284 latius

706 3309 1009 3393 exposita
1042 3308 1299 3371 virtutis
1337 3305 1621 3370 subsidia
1651 3330 1800 3372 -non
1850 3302 2065 3372 omnia
2101 3312 2162 3391 a)
2203 3308 2406 3372 veluti
2444 3308 2634 3370 simul

710 3409 820 3459 aut
863 3395 1003 3456 sine
1043 3391 1455 3468 discrimine3
1499 3414 1624 3457 nec
1659 3395 1725 3480 b)
1767 3396 2101 3459 serviliter
2138 3395 2477 3470 duntaxat3
2524 3417 2640 3457 ne-

707 3480 859 3543 dum
906 3483 967 3564 c)
1017 3477 1389 3543 mechanice
1438 3501 1584 3544 esse
1633 3483 2038 3566 usurpanda3
2099 3481 2216 3544 sed
2264 3481 2327 3563 2)
2375 3482 2661 3564 singula·

704 3564 783 3648 a).
830 3566 1115 3629 discrete
1176 3582 1718 3651 opportuneque3
1782 3568 1846 3653 b)
1897 3591 2041 3632 cum
2099 3583 2319 3631 sancta
2366 3568 2637 3651 spiritus

702 3655 1042 3725 l-ibertate3
1089 3654 1151 3732 c)
1200 3654 1442 3738 optima
1487 3655 1851 3718 intentione
1896 3671 1965 3719 et
2010 3676 2153 3718 cum
2198 3655 2474 3718 fervida.
2501 3655 2638 3716 ani-

701 3743 792 3805 mi
839 3742 1256 3816 contentione
1319 3741 1400 3804 ad
1445 3742 1722 3809 animum
1781 3741 2160 3826 diligentius
2204 3762 2411 3826 usque
2465 3762 2634 3803 ema-

707 3829 1183 3890 culandum‘et
1235 3826 1305 3889 in
1362 3826 1537 3890 bono
1598 3828 1805 3911 magis
1859 3826 2241 3891 firmandum
2287 3827 2637 3911 perficien-

703 3914 986 4002 dumque
1034 3936 1183 3977 esse
1244 3915 1604 3999 prudenter
1656 3910 2073 3998 applicanda,
2137 3934 2334 3979 nemo
2380 3935 2630 3998 aequus

670 4008 673 4009 ’
702 4021 926 4067 rernm
960 4003 1334 4064 aestimator
1366 4000 1664 4065 dubitare
1700 4003 1964 4086 poterit.

617 4205 764 4290 ²7¹)
810 4207 1045 4269 Psa'lm.¹
1082 4208 1377 4279 LXXVI.
1405 4230 1518 4276 ιι.
1611 4250 1620 4257 ,
