2846 4770
185 403 270 466 C.
287 399 387 468 11.
410 401 575 466 Art.
596 408 659 473 Ι.
683 404 1116 484 Adjumentae
1126 414 1366 478 vtrtut.
1389 435 1629 489 comm.
1644 421 2113 503 generaliora.
2145 425 2271 514 507

1096 575 1170 669 §2
1206 576 1350 669 768.

249 692 322 793 6)
368 703 887 791 Abnegationts
920 708 1343 778 christianae
1378 720 1691 783 studium
1727 718 2201 807 virtutumque

752 797 1215 862 cardinalium
1250 806 1659 869 exercitatio
1675 830 1702 882 ,-
1790 854 1795 861 .

391 972 494 1045 At
548 992 722 1048 vero
770 1001 912 1049 nec
949 979 1139 1054 recti
1181 983 1483 1085 instigui
1527 1012 1774 1082 amor,
1830 1014 1970 1061 nec
2010 989 2263 1062 fervor

176 1073 493 1148 moralis
535 1096 659 1150 aut
701 1079 955 1153 efficax
998 1101 1122 1158 aut
1166 1105 1516 1162 constans
1560 1118 1717 1174 esse
1765 1092 2081 1192 poterit3
2136 1121 2268 1166 ne-

182 1204 331 1276 que
389 1181 709 1279 proinde
767 1185 1021 1258 virtuti
1078 1193 1526 1264 christianae
1580 1194 2065 1294 plantandae,
2138 1223 2267 1270 ne-

184 1284 370 1355 dum
418 1284 511 1356 ad
558 1285 928 1360 excelsum
970 1293 1278 1390 gradum
1327 1299 1857 1397 provehendae
1901 1328 2037 1401 par
2083 1302 2266 1397 erit,

181 1387 330 1459 nisi
349 1414 483 1487 per
502 1395 945 1465 continuum
960 1395 1496 1496 abnegationis
1511 1404 1855 1477 studium
1870 1421 1944 1477 et
1960 1432 2094 1505 per
2115 1421 2268 1480 stu·

181 1490 473 1565 diosam
511 1494 1032 1570 cardinalium
1066 1505 1437 1575 virtutum
1471 1511 2118 1581 exercitationem
2148 1535 2268 1582 su·-

181 1614 550 1670 stentetur
568 1601 1026 1698 juveturque.
1067 1606 1296 1704 Igitur
1316 1607 1487 1704 heic
1509 1606 2046 1708 abnegationis
2066 1610 2268 1684 chri-

177 1705 491 1772 stianae
515 1705 580 1790 a)
603 1703 973 1794 ambitas;
995 1704 1072 1797 b)
1089 1713 1341 1798 notio;
1363 1726 1437 1783 et
1452 1714 1518 1803 c)
1537 1737 1849 1809 scopa55
1872 1712 1947 1806 d)
1969 1715 2274 1789 utilitas

181 1805 361 1878 item
384 1810 954 1907 necessitasque
964 1837 994 1901 ,·
1034 1827 1109 1884 et
1128 1819 1193 1904 e)
1217 1813 1518 1889 indoles
1535 1814 1862 1901 breviter
1887 1843 2268 1918 exponen-

182 1907 307 1987 da.
345 1909 623 2008 Nempe
652 1915 718 2000 1)
741 1911 1157 2013 abnegatio
1176 1916 1604 2005 christiana
1622 1924 1688 2011 a)
1716 1922 2268 2019 quodammodo

184 2015 278 2085 nd
302 2039 555 2086 omnes
573 2012 956 2091 facultates
996 2019 1075 2090 in
1099 2020 1363 2094 ordine
1384 2025 1874 2098 continendas
1896 2053 1975 2098 se
2000 2053 2270 2126 expor-

179 2118 396 2217 rigit3
439 2118 762 2190 maxime
789 2145 967 2196 vero
992 2120 1069 2215 b)
1098 2127 1686 2226 propensionem
1716 2131 2170 2230 injucunda
2192 2147 2270 2204 et

182 2224 664 2294 aversionem
686 2242 736 2295 a
761 2224 1097 2299 molestis
1123 2230 1555 2304 moderatur
1575 2228 1676 2331 (§.
1707 2233 1873 2318 145.
1898 2261 1974 2306 n.
1999 2242 2146 2328 4.),;
2191 2248 2270 2308 et

185 2329 251 2415 c)
298 2323 481 2399 licet
523 2325 866 2425 inprimis
911 2329 1212 2429 quidem
1256 2335 1332 2407 in
1389 2334 1746 2411 tollendis
1794 2337 2087 2412 virtutis
2128 2338 2266 2411 im-

182 2428 638 2528 pedimentis
679 2452 1128 2533 occupetur,
1184 2437 1685 2534 nihilominus
1713 2440 1937 2514 simul
1979 2441 2073 2516 ad
2108 2444 2265 2538 ejus

135 2599 138 2604 .
181 2533 647 2629 adjumenta,
722 2561 763 2607 a
818 2536 1084 2634 quibus
1152 2541 1588 2615 sensualitas
1655 2543 2046 2639 abhorret,
2117 2546 2267 2619 for-

180 2638 359 2710 titer
403 2636 828 2714 adhibenda
868 2641 1260 2744 impellere
1307 2644 1552 2720 debet.
1621 2647 1875 2744 Quare
1916 2653 1989 2738 2)
2032 2647 2269 2738 abne-

175 2744 398 2839 gatio
440 2742 909 2841 christiana,
967 2774 1155 2859 quae
1193 2750 1411 2823 variis
1450 2749 1882 2824 nominibus
1918 2750 1998 2844 in
2037 2752 2268 2824 sacris

177 2844 449 2944 litteris
508 2853 609 2943 (g.
665 2847 832 2933 145.
875 2878 941 2923 n.
986 2857 1085 2941 4.)
1146 2847 1220 2925 et
1287 2880 1327 2927 a
1392 2849 1793 2926 moralistis
1862 2852 2271 2952 compella-

183 2966 347 3041 tur,
419 2948 571 3023 dici
614 2967 861 3050 potest
905 2956 1344 3031 continuum
1394 2973 1470 3030 et
1507 2973 1855 3031 constans
1893 2957 2266 3050 studium,

183 3080 514 3151 quasque
558 3055 812 3130 virtuti
858 3059 1205 3135 adversas
1249 3062 1525 3162 mentis
1576 3061 2062 3161 cogitationes
2109 3061 2268 3134 ani-

182 3159 439 3254 mique
494 3159 864 3252 motiones
907 3178 996 3238 ,et
1048 3164 1479 3241 affectiones
1531 3164 2032 3266 reprimendi,
2098 3192 2269 3238 sen·

184 3260 607 3334 sualitatem
664 3262 809 3362 legi
862 3268 1173 3343 rationis
1231 3286 1306 3343 et
1356 3266 1721 3369 evangelii
1774 3268 2267 3369 subjiciendi;

184 3361 305 3437 vel
351 3364 579 3436 animi
621 3363 1086 3468 propositum
1132 3374 1633 3472 studiumque,
1674 3374 1916 3448 charis
1965 3373 2270 3474 quibus-
2324 3427 2328 3431 -

183 3494 327 3566 que
384 3468 604 3541 rebus
660 3487 733 3544 et
785 3475 1166 3573 personiS,
1234 3505 1374 3576 qua
1434 3477 1689 3552 virtuti
1744 3477 2097 3571 obstant,
2152 3504 2268 3550 re-

184 3570 598 3644 nuntiandi
638 3593 711 3649 et
761 3580 1057 3674 ,quasvis
1114 3579 1528 3673 molestias,
1595 3607 1780 3680 quae
1837 3585 1915 3655 in
1972 3581 2264 3654 virtutis

186 3678 744 3751 consectatione
816 3694 1259 3777 occurrunt,
1333 3686 1626 3759 fortiter
1696 3685 2065 3759 subeundi
2132 3709 2265 3781 pa·

186 3780 608 3879 tienterque
683 3781 1076 3863 tolerandi.
1161 3790 1407 3887 Atque
1477 3790 1655 3864 hinc
1721 3791 1806 3881 5)
1871 3787 2260 3885 abnegatio

187 3884 589 3969 christiana
646 3913 738 3960 eo
794 3892 1083 3984 tendit,
1141 3908 1220 3964 ut
1262 3907 1325 3979 a)
1373 3894 1916 3994 impedimenta
1970 3890 2262 3964 virtutis

183 3989 629 4088 praecipua,
683 3993 1026 4092 inprimis
1080 3996 1513 4095 superbiae,
1568 3996 1973 4097 philautiae
2029 3994 2265 4066 avari·-

184 4092 483 4190 tiaeque
523 4092 862 4191 licentia,
918 4102 1517 4199 supprimantur3
1576 4117 1649 4172 et
1690 4097 1765 4188 b)
1807 4126 1941 4197 per
1983 4114 2266 4197 tempe·
2303 4115 2329 4134 ‘

179 4220 332 4269 ran
342 4200 502 4271 tiae
497 4196 1161 4305 fortitudinisque
1179 4204 1744 4305 acprudentiae
1763 4202 1862 4306 (ἕ.
1883 4227 1914 4280 1
1928 4204 2049 4294 45.
2069 4232 2136 4277 n.
2160 4208 2263 4292 A..)

1476 4365 1479 4370 -
1562 4320 1629 4391 U
1668 4341 1707 4391 2
