2846 4770
188 398 2109 497 C.11.Art10Adjumentavirtut,eomm„gen0rattora
2137 402 2266 469 305

172 574 520 672 ——240.)
566 601 766 672 pet
695 575 773 669 γ·
776 579 1038 649 elatat·
1065 578 1144 673 s
1116 593 1643 681 tmetzcrque
1614 636 1637 672 ,
1719 578 2022 651 demum
2074 576 2155 668 d)
2192 591 2284 649 ut

118 773 123 776 ι
183 681 595 763 christiana
653 680 834 751 fides
891 697 966 755 et
1018 683 1203 755 haec
1246 681 1586 757 salutaris
1642 684 2017 783 cognitio
2008 680 2276 752 indies

175 812 418 884 magis
474 781 899 875 familiaris,
974 787 1138 858 viva
1196 803 1269 860 et
1322 813 1457 887 per
1528 791 1954 862 continuam
2014 785 2276 856 harum

177 893 583 962 veritatum
623 889 1208 988 notitiarumque
1238 892 1829 984 meditationem,
1872 908 1945 962 et
1982 917 2112 989 per
2152 915 2279 987 ap·
2370 984 2373 989 .

179 992 670 1095 plicationem
718 992 807 1064 ad
846 995 1170 1092 reliquas
1211 996 1438 1066 animi
1484 997 1874 1071 facultates
1896 991 2273 1094 regendas

180 1115 258 1171 et
308 1099 400 1170 ad
461 1094 738 1169 liberos
787 1113 989 1171 actus
1032 1099 1466 1219 formandos
1516 1130 1604 1201 pt
1607 1107 1879 1177 vetica
1925 1098 2270 1170 m'oralis-

176 1229 354 1304 que
375 1200 758 1279 efficiatur.

1088 1355 1153 1446 §.
1214 1362 1362 1446 765.

186 1488 255 1573 5)
319 1492 777 1553 Personarum
825 1511 1188 1572 rerumque
1233 1504 1423 1554 recta
1470 1505 1540 1555 et
1582 1492 1786 1568 justa
1830 1495 2273 1569 aestimatio}

103 1707 109 1717 „
389 1623 597 1694 Hanc
650 1621 1089 1714 salutarem,
1148 1621 1239 1692 de
1299 1647 1442 1718 qua
1497 1645 1713 1713 mox,
1769 1623 2275 1722 cognitionem

184 1725 591 1809 comitetur
630 1742 1126 1844 sequaturque
1153 1742 1457 1824 oportet
1479 1728 2279 1826 reccajastaqaeper-

181 1853 557 1901 sonat-um
595 1855 1049 1931 rerumque,
1105 1831 1180 1900 in
1228 1857 1405 1926 quas
1435 1845 1528 1901 εἰ
1571 1830 1766 1902 circa
1813 1856 1994 1927 quas
2028 1831 2277 1909 officia

179 1950 613 2025 versantur,
669 1938 1147 2025 aestimatio,
1204 1950 1330 2005 seu
1373 1959 1630 2006 verum
1681 1932 1776 2005 de
1820 1961 2072 2006 earum
2121 1935 2278 2034 dig-

179 2039 415 2109 nitate
454 2063 541 2109 ac
577 2039 823 2137 pretio
856 2037 1234 2134 judicium
1247 2063 1412 2109 cum
1455 2040 1972 2111 consentiente
1994 2039 2276 2111 sensio

180 2168 277 2216 ne
320 2144 693 2240 junctum,
751 2159 825 2214 et
868 2140 962 2212 ad
1002 2159 1205 2216 actus
1252 2144 1316 2213 ei
1362 2143 1644 2240 judicio
1687 2141 2271 2215 conformandos

107 2294 120 2322 t
179 2273 319 2318 nos
360 2244 798 2364 impeliens3
845 2271 1014 2318 nam
1043 2273 1133 2318 ex
1163 2246 1302 2319 hac
1342 2238 1856 2318 aestimatione
1889 2248 2276 2319 conscien-

179 2351 369 2441 tiae,
415 2351 781 2423 sensionis
824 2368 1040 2448 atque
1081 2351 1494 2425 affectionis
1539 2349 1972 2451 liberaeque
2019 2349 2276 2424 volun-

178 2456 354 2527 tatis
426 2455 802 2528 rectitudo
875 2481 962 2525 ac
1035 2456 1358 2527 efficacia
1432 2482 1885 2557 magnopere
1958 2457 2267 2556 pendet⁶

71 2584 73 2586 ’
179 2561 422 2631 Porro
457 2577 522 2649 1)
559 2558 889 2659 urgenda
924 2559 1358 2657 cumprimis
1390 2565 1454 2647 a)
1484 2576 1706 2632 recta
1736 2564 2173 2635 aestimatio
2204 2576 2280 2632 et

180 2689 466 2753 summa
496 2665 912 2735 reverentia
938 2662 1784 2758 Deientissupremi(§.
1815 2669 2056 2759 2443)
2096 2666 2281 2737 item

177 2765 261 2863 b)
290 2776 523 2864 aequ'a
553 2768 968 2839 aestimatio
1001 2783 1160 2839 tum
1196 2766 1588 2837 humanae
1620 2765 2028 2863 dignitatis
2059 2793 2278 2865 gene-

176 2872 402 2944 ratim
447 2878 558 2967 (S.
605 2873 726 2968 67.
774 2899 857 2968 sq
888 2876 957 2963 );
995 2873 1169 2970 stum
1215 2869 1309 2943 ob
1352 2867 1666 2940 eandem
1709 2870 2123 2952 aestimatio
2165 2897 2280 2953 reg-

179 2992 300 3048 cta
350 2978 685 3073 justaque
728 2974 797 3072 c)
837 2979 961 3047 sui
1005 2979 1241 3072 ipsius
1283 2975 1394 3065 (S.
1437 2974 1984 3067 310—315.);
2059 2989 2276 3070 atque

180 3079 257 3170 d)
319 3079 701 3170 hominum
760 3078 1071 3151 aliorum
1134 3085 1245 3172 (S.
1288 3080 1466 3174 487.
1514 3084 1690 3173 sq‘.),
1759 3081 2147 3149 Praeterea
2202 3080 2274 3170 2)

178 3201 333 3256 tam
376 3182 447 3279 a)
490 3184 823 3256 mandas
856 3186 1287 3272 universus,
1335 3209 1553 3277 quam
1591 3180 1671 3277 b)
1717 3206 1846 3254 res
1880 3182 2278 3279 singulae,

182 3293 371 3387 quae
426 3287 517 3365 ald
566 3289 929 3379 animam,
988 3312 1299 3385 corpuS,
1360 3287 1692 3404 famam,-
1730 3285 2063 3358 fortunas
2111 3313 2278 3385 per-

178 3393 466 3483 tinent,
502 3408 574 3463 et
615 3408 771 3463 tum
814 3409 1068 3463 natura
1107 3418 1258 3479 sua,
1301 3406 1465 3460 tum
1503 3391 1821 3462 maxime
1860 3415 1998 3489 pro
2040 3415 2273 3490 scopo

179 3521 352 3584 suo,
401 3512 617 3593 atque
657 3522 792 3595 pro
832 3522 965 3568 suo
1009 3522 1177 3567 cum
1220 3494 1547 3566 hominis
1589 3494 2022 3592 dignitatei
1981 3496 2274 3613 fineque

176 3625 377 3672 nexu
427 3601 539 3670 vel
585 3600 675 3671 ad
722 3627 887 3670 eum
929 3598 1527 3700 promovendum
1584 3600 2000 3697 aptitudine
2047 3600 2275 3715 magis

177 3709 530 3776 minusve
575 3705 1078 3776 aestimandae
1130 3718 1323 3776 sunt.
1399 3704 1717 3774 Dtmum
1772 3706 1854 3793 3)
1905 3703 2147 3773 omnis
2198 3703 2278 3771 in

178 3833 270 3910 eo
318 3808 716 3909 ponendus
760 3825 1117 3898 conatus,
1169 3824 1245 3878 ut
1287 3806 1469 3877 haec
1517 3821 1674 3877 turn
1715 3830 2273 3900 pet·.5011ctr·‚um

177 3903 336 3986 tum
369 3938 485 3994 ret
494 3937 635 3983 ⁸nm
659 3915 1122 4002 aestimatis),
1167 3917 1232 3998 a)
1268 3936 1392 3980 vei
1400 3937 1482 3981 ae
1511 3934 1997 4015 personarum
2026 3909 2273 4005 digni-

180 4021 334 4089 tati
362 4033 433 4087 et
463 4020 654 4108 justo
693 4042 936 4087 rerum
970 4019 1225 4132 pretio
1255 4041 1557 4113 prorsus
1585 4015 1680 4085 sit
1703 4029 2272 4100 consentanea3
2347 4085 2353 4090 ,

177 4122 402 4220 proin
450 4119 525 4210 b)
564 4147 645 4191 ea
691 4146 828 4191 nec
874 4120 963 4189 ad
1005 4119 1338 4190 sensitivi
1386 4117 1687 4189 affectus
1733 4117 2076 4207 ductum,
2132 4143 2276 4191 nec

177 4224 620 4318 secundum·
652 4221 1057 4299 carnalium
1113 4223 1503 4296 hominum
1555 4220 1832 4324 judicia
1888 4222 2266 4322 concipia-
2302 4283 2317 4292 ..
