2846 4770
509 437 514 442 ’
537 435 665 504 568
702 433 810 501 De
829 435 1070 499 christe
1085 433 1329 499 virtue.
1339 425 1920 515 perfectionisque
1935 417 2292 484 subsidiis.
2315 413 2497 483 Seet.
2516 413 2634 478 11.·

550 609 1156 688 exercitationem
1184 601 1619 678 sensualitas
1646 541 1944 686 rationi,
1983 587 2326 665 stimulus
2363 589 2633 689 volup-

546 716 718 792 tatis
756 710 1057 788 stimulo
1096 708 1508 789 honestatis
1543 700 2015 799 subjiciatur3
2071 712 2289 792 atque
2332 691 2404 789 c)
2447 695 2642 791 legis

553 820 870 894 moralis
903 843 999 890 ac
1035 814 1528 910 evangelicae
1565 806 2043 893 reverentia,
2091 801 2401 898 justitia
2435 797 2639 871 chri-

551 929 813 997 stiana
837 916 1596 1010 universalisDeique
1621 934 1851 998 amor,
1899 903 2244 980 omnibus
2280 898 2642 972 sensuali-

554 1028 727 1101 tatis
752 1021 1126 1096 illecebris
1146 1017 1613 1094 terriculisve
1635 1010 2000 1112 superior,
2028 1007 2274 1078 animo
2298 1002 2644 1099 domine-

553 1147 703 1205 tur.
745 1127 930 1200 Inde
974 1127 1223 1198 autem'
1257 1122 1333 1220 4)
1376 1117 1913 1216 abnegationis
1933 1109 2411 1183 christianae
2435 1105 2645 1203 a‘)·di-

553 1237 818 1334 gnitas
839 1246 913 1303 et
947 1226 1042 1301 ad
1069 1225 1547 1330 plantandam
1576 1213 2259 1321 perficiendamque
2288 1213 2648 1285 virtutem

560 1360 836 1411 summa
860 1361 1010 1408 non
1032 1330 1268 1407 solum
1285 1327 1361 1421 b)
1388 1330 1707 1416 utilitas,
1749 1321 1881 1394 sed
1912 1334 1987 1390 et
2005 1319 2077 1416 c)
2100 1316 2651 1390 necessitasin·

560 1440 920 1540 telligitur
937 1440 1081 1532 **“).
1127 1439 1361 1508 Porro
1380 1432 1460 1530 5)
1482 1431 1575 1503 ad
1594 1426 1919 1501 indolem
1948 1427 2104 1521 ejus
2128 1422 2329 1520 quod
2355 1421 2650 1514 attinet,

565 1545 1017 1642 evangelica
1073 1537 1504 1637 abnegatio,
1559 1533 1628 1629 a)
1685 1545 2044 1630 quatenus
2101 1524 2654 1625 impedimenta

563 1645 687 1719 vel
739 1645 1138 1718 moralitati
1194 1639 1638 1742 generatim,
1710 1632 1830 1708 vel
1884 1633 2142 1731 majori
2196 1628 2461 1713 solum·
2498 1631 2650 1726 ejus

562 1749 1014 1852 perfectioni
1068 1748 1418 1821 obfutura
1461 1755 1841 1829 removet,
1898 1752 2023 1808 aut
2065 1734 2157 1806 ad
2201 1732 2652 1806 christianae

562 1856 759 1928 vitae
780 1853 1222 1952 virtutisque
1240 1846 1777 1934 substantiam,
1804 1859 1926 1914 aut
1947 1840 2035 1911 ad
2057 1841 2209 1936 ejus
2221 1837 2656 1936 perfectio-

564 1984 740 2032 nem
772 1957 1138 2057 pertinet3
1193 1978 1502 2052 quarum
1549 1947 1851 2048 quidem
1885 1945 1965 2042 b)
1994 1959 2250 2015 neutra
2290 1941 2656 2026 innocuo-

563 2086 732 2134 rum
789 2060 1225 2159 gaudiorum
1295 2081 1508 2129 usum
1575 2049 1966 2153 prohibett
2037 2063 2345 2143 utraque
2394 2052 2660 2116 ‘tamen

569 2190 738 2238 eum
793 2163 1203 2262 prudenter
1271 2177 1634 2254 cauteque
1691 2153 2165 2245 moderatur}
2237 2174 2509 2246 quare,
2581 2154 2656 2241 c)

565 2269 747 2341 licet
798 2267 1286 2340 immodicum
1361 2290 1440 2335 se
1504 2262 1749 2359 ipsum
1826 2253 2197 2354 affligendi
2252 2269 2379 2326 aut
2432 2254 2658 2325 variis

449 2442 454 2454 ,
547 2372 909 2469 ἱ(ιοιῬοτίε
953 2369 1329 2465 animique
1370 2362 1732 2439 molestiis
1750 2420 1772 2456 ,
1828 2387 2013 2459 quae
2063 2357 2156 2444 ald
2194 2357 2357 2430 vitii
2404 2378 2659 2429 emen-

507 2554 514 2564 ,
570 2474 952 2546 dationem
1025 2472 1471 2566 virtutisque
1538 2468 2086 2555 incrementum
2158 2462 2359 2534 haud
2427 2463 2660 2533 servi-

559 2591 746 2671 unt,
801 2603 878 2649 se
925 2574 1406 2648 excruciandi
1453 2572 1779 2644 studium
1819 2570 2020 2641 haud
2065 2567 2341 2665 exigat:
2401 2566 2660 2638 mode-

565 2697 809 2754 ratum
868 2679 1357 2753 nihilominus
1414 2676 1981 2774 castigationum
2040 2674 2262 2753 etiam
2318 2667 2660 2741 volunta·

567 2786 677 2859 rie
720 2804 1225 2885 susceptarum
1276 2807 1487 2854 usum
1513 2836 1537 2872 ,
1593 2796 1953 2877 quatenus
1996 2773 2169 2847 illae
2210 2773 2305 2845 ad
2349 2772 2661 2845 doman-

571 2890 741 2962 dam
801 2890 1044 2961 carnis
1101 2885 1633 2988 petulantiam,
1707 2883 1799 2953 ad
1867 2904 2138 2982 pravos
2174 2873 2491 2949 ‘habitus
2549 2902 2659 2950 sa·

567 2989 897 3083 nandOS,
974 2988 1483 3065 emendandos
1540 3012 1624 3058 ac
1686 2984 2268 3085 praever'tendos
2324 2982 2479 3053 fors
2533 3007 2658 3052 ne-

571 3096 933 3169 cessariae
980 3115 1107 3167 aut
1137 3092 1353 3166 utiles
1394 3110 1586 3181 sunt,
1629 3090 1950 3188 imperat
1991 3113 2075 3159 ac
2098 3086 2443 3180 continet
2464 3086 2657 3174 ***).

571 3200 922 3273 Ceterum
964 3200 1043 3280 6)
1078 3198 1387 3271 modum
1422 3194 1883 3273 exercendae
1922 3190 2433 3288 abnegationis
2469 3188 2657 3261 chri-

470 3333 480 3356 *
569 3302 855 3416 stianae
889 3301 1218 3373 inferius
1273 3300 1352 3370 in
1405 3298 1851 3398 aphorismis
1913 3293 2321 3369 moralibus
2378 3289 2658 3370 indica-

569 3418 722 3475 tum
762 3430 1038 3480 sumus,

657 3576 723 3664 *)
776 3576 835 3667 1)
882 3578 1112 3661 Neque
1148 3573 1936 3661 absurdumyquis'puten
1996 3574 2123 3652 hoc
2168 3572 2319 3635 loco
2360 3555 2657 3635 virtutes

741 3660 1048 3748 quasdam
1083 3663 1400 3746 speciales
1431 3662 1610 3727 velut
1639 3662 1921 3725 subsidia
1956 3663 2240 3724 virtutis
2271 3660 2657 3742 generatim

737 3762 1084 3831 spectatae
1117 3748 1386 3813 laudari.
1433 3751 1593 3810 Nam
1633 3750 1698 3834 2)
1735 3749 1925 3823 illae,
1975 3766 2130 3831 quas
2162 3755 2401 3807 vocant
2439 3742 2655 3803 cardi·

680 3835 686 3846 '
740 3835 963 3912 nales,
1002 3835 1176 3897 inter
1200 3835 1638 3909 conditiones,
1679 3849 1897 3917 partes
1930 3847 2037 3893 aut
2069 3829 2350 3892 subsidia
2378 3824 2655 3913 (§.146-)

739 3918 997 3982 virtutis
1051 3922 1289 4005 passim
1344 3936 1777 3985 recensentur
1820 3920 1937 4005 87).
2008 3920 2173 3981 Sane
2220 3915 2289 3998 5)
2342 3911 2656 3977 Staudli-
2762 3952 2767 3955 ψ

540 4197 547 4208 -
657 4154 1048 4326 ’87ΞῇῨὲθὲ
1069 4163 1359 4331 7C1'I3rist.
1408 4146 1732 4229 ⁷Schwartz
1777 4162 2008 4229 moral.
2068 4155 2663 4280 wissenschaften.
