2846 4770
544 347 664 425 ²74
835 336 1351 399 Praenoscenda
1385 335 1470 393 de
1508 352 1828 410 asceseos
1863 335 2139 395 notione
2174 342 2301 396 etc.

534 509 872 584 morales
920 505 1616 607 prudentialesque
1672 504 1768 577 de
1834 504 2063 578 modo
2124 504 2609 605 perfectionis

541 614 990 686 christianae
1026 612 1107 685 in
1162 632 1241 684 se
1292 610 1604 710 aliisque
1658 608 2218 711 promovendae
2280 607 2610 707 comple-

540 734 792 796 ctitur.

625 861 691 948 ¹⁸)
739 859 1042 925 Aseesin
1064 857 1518 920 christianam
1560 856 1973 939 generalem,
2004 869 2252 939 utpote,
2288 854 2470 936 cujus
2514 852 2625 917 co·

715 944 920 1031 gnitio
956 942 1038 1004 ad
1067 941 1433 1027 distinctam
1468 941 1721 1004 ethicae
1757 941 2138 1005 christianae
2173 941 2530 1007 communis
2557 954 2626 1002 et

712 1027 1011 1116 specialis
1057 1027 1631 1112 pertractationem
1676 1029 2041 1091 necessaria
2079 1029 2456 1104 videbatur,
2501 1028 2624 1108 jam

712 1122 783 1182 in
842 1114 1178 1204 theologia
1239 1118 1523 1200 practica
1581 1114 1937 1178 universali
2001 1111 2099 1201 (ᾗ.
2169 1108 2625 1197 i50—157.)

716 1203 1017 1269 consulto
1075 1201 1729 1288 praeoccupavimus:
1788 1201 1962 1264 unde
2007 1200 2091 1264 de
2146 1201 2437 1286 speciali
2482 1200 2628 1262 heio

719 1292 1025 1356 duntaxat
1051 1289 1392 1374 agendum,
2540 1376 2552 1405 Ι

1500 1486 1514 1501 .
1558 1433 1600 1499 6
1644 1429 1706 1501 5.

1112 1556 1179 1643 5)
1226 1430 1494 1625 Fini}
1527 1457 2078 1627 et9utilitas.

756 1708 972 1782 Finis
1037 1727 1389 1778 asceseos
1455 1705 1900 1787 christianae
1966 1703 2317 1805 distingui
2393 1717 2642 1805 potest

555 1815 942 1921 proximus
984 1825 1058 1882 et
1093 1826 1452 1890 remotus.
1506 1798 1744 1883 Porro
1761 1812 1954 1907 finis
1992 1802 2322 1911 ejusdem
2363 1815 2430 1901 1)
2459 1833 2640 1906 pro-

556 1927 819 1997 ximus
874 1928 1026 2003 est,
1099 1929 1181 1984 ut
1255 1913 1548 1985 virtutis
1617 1913 2157 2013 impedimenta
2207 1937 2643 2004 removere,

556 2019 887 2101 subsidia
917 2014 1294 2115 aptissima
1329 2015 1689 2090 adhibere
1712 2018 2021 2115 doceat;
2052 2020 2129 2116 2)
2156 2030 2502 2090 remotus
2525 2042 2649 2088 au·

556 2122 715 2204 teni
770 2137 883 2196 est
939 2119 1286 2194 formatio
1350 2146 1438 2194 ac
1489 2122 1857 2217 perfectio
1899 2122 2349 2211 characteris
2403 2147 2649 2197 mora·

556 2232 699 2324 lis,
750 2228 833 2302 id
883 2240 1035 2329 est,
1086 2241 1247 2299 tum
1288 2223 1716 2298 emendatio
1757 2242 1914 2300 tum
1952 2226 2478 2301 determinatio
2525 2248 2649 2298 co-

563 2331 1092 2432 ordinatioque
1144 2342 1374 2402 status
1432 2328 1759 2404 hominis
1817 2332 1948 2404 in·
1992 2347 2065 2405 et
2103 2330 2498 2406 exterioris
2539 2335 2643 2427 (ἓ.

563 2441 740 2518 303.
816 2464 893 2512 n.
952 2443 1055 2524 2.)
1112 2429 1319 2528 talis,
1373 2450 1456 2507 ut
1508 2451 1714 2508 certo
1776 2437 2273 2537 expediteque
2325 2432 2653 2511 obtineri

569 2557 794 2643 queat
831 2563 1063 2640 purae
1125 2538 1237 2610 in·
1276 2554 1350 2611 et
1392 2555 1739 2613 extensae
1784 2565 1868 2613 ac
1908 2541 2313 2614 constantis
2362 2538 2651 2612 virtutis

571 2675 704 2721 seu
754 2636 1761 2746 perfectionis“christianae
1809 2643 2077 2744 gradus
2122 2644 2442 2745 cujusvis
2483 2643 2655 2716 viri·

570 2751 711 2825 bus
764 2776 847 2822 ac
888 2744 1359 2821 facultatibus
1416 2751 2008 2844 consentaneae,
2063 2775 2191 2826 seu
2240 2748 2652 2847 respective

572 2849 955 2958 possibilis
973 2877 1337 2946 summus3
1359 2851 1636 2926 bonum
1658 2854 1986 2954 cujusvis
1992 2845 2379 2951 personae
2398 2877 2658 2950 supre-

580 2987 807 3053 mum,
834 2971 909 3031 et
925 2958 1075 3030 hoc
1101 2957 1476 3030 mediante
1498 2982 1871 3030 summum
1896 2962 2230 3050 universi
2251 2957 2525 3029 bonum
2554 2953 2661 3055 (§.

584 3089 702 3140 10·
738 3091 812 3135 n.
850 3067 948 3151 2.)
988 3067 1089 3153 *).
1144 3062 1306 3132 Jam
1348 3086 1525 3133 vero
1567 3086 1659 3133 ex
1691 3062 1841 3135 hoc
1879 3062 2081 3163 ipso,
2136 3088 2283 3161 quo
2319 3086 2486 3146 eum
2531 3085 2656 3132 no-

576 3166 946 3239 bilissimo
992 3162 1235 3236 isthoc
1270 3164 1415 3264 fine
1456 3162 1799 3263 colligata
1841 3183 1976 3256 est,
2014 3192 2209 3239 nexu
2251 3166 2661 3238 arctissimo

579 3270 757 3342 satis
779 3294 911 3366 per
934 3292 1010 3337 se
1031 3268 1347 3366 patescit
1364 3271 1447 3359 3)
1466 3292 1763 3344 summa
1785 3272 2082 3343 utilitas
2099 3274 2665 3372 necessitasque

585 3369 920 3445 asceseos
956 3370 1426 3472 christianae,
1460 3400 1646 3470 quae
1677 3392 2058 3472 praeterea
2095 3374 2271 3449 alias
2304 3377 2486 3449 item
2518 3399 2664 3448 ma·

582 3477 820 3552 ximas
867 3472 1224 3547 utilitates
1265 3475 1540 3550 habere
1581 3480 1911 3552 noscitur
1947 3481 2098 3571 Μ’).

673 3619 736 3705 *)
784 3619 1231 3704 Uterquelhic
1272 3619 1452 3707 finis
1515 3620 1762 3685 idcirco
1830 3625 2022 3688 etiam
2081 3621 2669 3704 majoreffiattentio·

757 3727 843 3769 ne
891 3704 1125 3790 dignus
1174 3721 1315 3781 est,
1373 3707 1633 3790 eoquod
1678 3709 1738 3793 a)
1785 3730 1915 3773 non
1961 3710 2149 3795 pauci
2196 3714 2371 3774 circa
2418 3709 2668 3784 virtuti·

761 3796 1242 3873 impedimenta
1264 3794 1500 3856 incurii
1520 3794 1930 3884 christianam
1950 3798 2251 3882 pietatem
2273 3797 2590 3883 consequi
2605 3814 2668 3857 se

760 3900 959 3964 posse
1000 3895 1306 3961 sperent3
1353 3895 1462 3943 aut
1497 3880 1564 3963 h)
1607 3882 1918 3948 subsidia
1964 3885 2066 3947 vel
2105 3885 2325 3971 inepta
2365 3885 2670 3969 prorsus,

766 3967 873 4028 vel
913 3965 1137 4034 ‚minus
1186 3964 1483 4030 efficacia
1527 3965 1913 4051 adhibeant3
1960 3972 2090 4033 imo
2128 3977 2189 4057 c)
2240 3973 2412 4035 circa
2450 3975 2671 4056 ipsum

745 4051 963 4137 finem
998 4066 1334 4116 remorum
1371 4053 1798 4118 vehementer
1829 4072 2074 4126 errent.
2119 4063 2182 4143 2)
2215 4063 2447 4144 Neque
2487 4054 2671 4124 enim,

691 4203 694 4204 ⁷
767 4134 1033 4200 utfalso
1058 4137 1319 4239 quidam
1359 4141 1926 4246 opinatum-finis
1949 4161 2391 4217 asceseosest
2422 4144 2487 4233 a)
2526 4137 2674 4212 sola
