2846 4770
457 393 529 459 C.
561 376 621 457 Ι.
653 358 819 462 Art}
855 396 982 461 IV.
1014 395 1127 458 De
1157 408 1593 462 sacramento
1621 381 2108 483 poenitentiae.
2196 407 2321 482 277

403 563 812 648 »oppositum
880 565 1368 633 ardentissimae
1434 568 1821 632 charitatis.«
1900 569 2148 633 Saltem
2208 566 2324 652 7),

398 650 728 713 sententia
771 651 855 714 'de
903 653 1302 719 sufficientia
1360 655 1710 720 attritionis
1767 676 1951 720 mere
2007 654 2324 719 formido-

397 737 582 813 losae
622 751 725 799 est
760 759 961 817 nova,
1006 758 1198 827 atque
1244 758 1390 806 ante
1439 742 1735 806 seculum
1779 742 2101 807 ecclesiae
2143 740 2320 808 XIII.

397 824 729 907 incognita
762 824 897 910 60),
959 851 995 890 a
1029 830 1325 913 pluribus
1362 829 1762 913 improbata3
1811 830 2000 903 hinc,
2047 849 2193 892 cum
2235 829 2320 891 de

396 911 786 975 sacramenti
821 916 1093 981 svalore,
1130 931 1394 1000 agatur,
1461 917 1528 976 in
1576 916 1757 1000 praxi
1804 929 1960 980 tuta
2003 936 2137 977 non
2193 929 2317 978 est.

401 997 590 1061 Unde
626 1000 851 1060 missis‘
871 1004 1426 1083 speculationibus
1458 1001 1835 1067 necessario
1867 1001 2153 1064 curanda
2181 1000 2318 1075 exi-f

401 1083 746 1170 gendaque
784 1091 1114 1153 contritio
1150 1091 1377 1153 saltem
1406 1093 1849 1174 imperficta3
1891 1089 2023 1149 imo
2053 1088 2135 1151 ad
2169 1109 2316 1172 per·

397 1174 637 1237 sectam
696 1173 1158 1238 connitendum
1214 1177 1546 1253 omnibus,
1612 1174 1845 1259 quibus
1889 1175 2116 1239 salutis
2159 1188 2334 1238 cura‘

393 1272 463 1320 et
503 1259 707 1321 virtus
744 1259 929 1320 cordi
963 1277 1062 1325 est
1095 1263 1216 1348 61).
1279 1266 1558 1326 Demum
1594 1261 1665 1347 8)
1701 1282 1898 1346 quum
1940 1282 2023 1324 ex
2057 1263 2311 1324 contri-

399 1348 612 1407 tionis
652 1359 722 1415 υτ
746 1352 1093 1428 propositi
1126 1352 1484 1429 conjuncti
1511 1352 1939 1433 perfectione
1975 1346 2183 1410 omnis
2220 1342 2329 1408 εὖ

391 1426 620 1492 ficaeia
652 1445 720 1493 et
748 1431 999 1495 fructus
1037 1435 1476 1517 poeniteutiae
1515 1435 1813 1515 inprimis
1852 1434 2158 1517 pendeat,
2201 1432 2317 1496 illa
2386 1433 2402 1449 ⁹

390 1518 745 1599 praecipue
805 1532 871 1580 et
927 1534 1076 1583 ante
1141 1523 1359 1584 omnia
1418 1520 1635 1583 curari
1691 1534 1759 1582 et
1818 1522 2045 1602 urgeri
2091 1519 2310 1585 debet.
2384 1520 2387 1523 ’

389 1604 682 1667 Proinde
721 1621 945 1668 errant
984 1608 1119 1683 illi,
1181 1607 1290 1688 qui
1326 1607 1590 1691 quidem
1631 1604 1715 1667 de
1753 1607 2037 1688 peccatis
2074 1606 2140 1666 in
2180 1626 2316 1667 me-

390 1691 665 1752 moriam
696 1694 1083 1757 revocandis
1120 1710 1186 1757 et
1220 1710 1441 1757 curate
1480 1691 1871 1756 confitendis
1903 1713 2148 1755 summe
2181 1690 2312 1751 sol-

392 1776 558 1838 liciti
604 1779 1016 1841 contritionis
1064 1781 1514 1864 propositique
1576 1777 2051 1863 perfectionem
2099 1777 2309 1840 minus

390 1878 656 1937 curant,
720 1878 830 1927 aut
872 1867 1144 1951 prolatis
1204 1867 1344 1930 fors
1385 1866 1730 1938 formulis,
1792 1863 1896 1928 vel
1945 1865 2311 1950 qualiscun-
2401 1926 2403 1929 ,

392 1972 519 2035 que
561 1953 753 2013 animi
791 1955 1070 2015 motibus
1112 1953 1406 2018 excitatis
1446 1976 1586 2018 rem
1630 1973 1890 2019 ‘omnem
1931 1973 2079 2018 esse
2125 1952 2311 2016 abso·-

386 2036 590 2100 lutam
626 2040 793 2100 male
830 2041 1246 2110 arbitrantur.

293 2165 408 2250 **)
447 2165 641 2260 Quod
684 2169 765 2230 ad
801 2176 1245 2236 contritionis
1279 2176 1741 2251 proprietates
1778 2169 2030 2240 attinet,
2075 2167 2301 2229 notan-

385 2252 540 2314 dum
582 2255 886 2340 insuper:
956 2258 1012 2341 ι)
1061 2258 1218 2322 licet
1261 2258 1342 2322 ad
1387 2256 1847 2321 contritionem
1895 2274 2020 2317 neo
2065 2254 2305 2317 motiva
2378 2338 2383 2342 .

382 2343 729 2414 naturalia,
768 2365 891 2408 nec
925 2366 1283 2427 poenarum
1319 2345 1514 2407 timor
1546 2366 1664 2428 per
1697 2365 1767 2408 se
1805 2341 2124 2409 sufficiam
2165 2361 2307 2405 sae-

386 2449 470 2508 pe
517 2443 731 2494 tamen
775 2453 896 2515 per
941 2434 1053 2495 has
1091 2434 1465 2515 similesque
1501 2432 1786 2501 rationes
1814 2428 2080 2492 ‘rudium
2121 2440 2313 2510 praev·
2383 2444 2386 2447 ’

357 2515 609 2598 ⁴sertim
663 2538 740 2578 ac
802 2521 1084 2600 peccatis
1147 2518 1536 2602 profundius
1598 2520 2052 2581 immersorum
2099 2513 2304 2577 homi-

382 2623 537 2661 num
581 2604 772 2664 animi
813 2605 1228 2667 concutiendi
1270 2620 1337 2667 et
1373 2628 1408 2667 a
1461 2605 1624 2672 mala
1664 2604 2016 2666 affectione
2055 2600 2304 2664 abster-

383 2686 578 2750 rendi
614 2704 794 2764 sunt,
843 2707 913 2762 ut
952 2691 1281 2774 paullatim
1322 2712 1403 2753 ex
1451 2690 1884 2757 nobilioribus
1926 2688 2182 2750 motivis
2218 2686 2303 2756 ad

384 2792 650 2856 peccata
697 2776 1115 2852 detestanda,
1172 2792 1240 2841 et
1279 2777 1360 2839 ad
1400 2774 1891 2859 concipiendam
1933 2773 2099 2855 legis
2140 2771 2303 2836 divi-

381 2883 506 2923 nae
542 2864 978 2927 reverentiam
1016 2878 1506 2949 praeparentur.
1557 2874 1620 2937 2)
1652 2862 1794 2923 Etsi
1829 2859 2022 2922 dolor
2064 2857 2301 2922 debeat

382 2970 528 3010 esse
563 2952 1018 3028 universalis,
1068 2954 1178 3035 qui
1216 2951 1285 3019 in
1325 2947 1537 3018 omnia
1571 2962 1837 3031 peccata
1877 2943 2096 3032 gravia
2130 2944 2302 3006 fera·-

375 3049 518 3096 tur:
581 3049 794 3098 tamen
838 3034 899 3117 a)
944 3058 1075 3099 non
1121 3038 1346 3121 plures
1389 3056 1664 3112 numero
1711 3031 2001 3101 distincti
2046 3029 2299 3100 doloris

374 3136 594 3196 actua,
655 3105 781 3204 n'e'c
815 3122 905 3184 ‘ad
953 3124 1237 3210 singula
1282 3144 1557 3192 numero
1612 3135 1680 3185 et
1724 3116 2300 3209 speciedistin'cta

380 3222 648 3291 peccata
685 3208 1104 3290 singillatim
1131 3224 1199 3272 et
1235 3211 1490 3293 reflexo
1514 3210 1759 3274 relatus
1791 3206 1985 3267 dolor
2019 3203 2298 3287 requiri,-

376 3301 519 3374 t'ur3
567 3296 683 3368 sed
724 3293 1001 3370 sufficit,
1048 3310 1119 3357 ut
1159 3318 1323 3357 unus
1363 3296 1666 3360 universe
1708 3294 1976 3366 efficax,
2021 3290 2298 3374 praedo-

373 3383 627 3443 minans
674 3383 957 3445 omnium
1003 3397 1422 3464 peccatorum
1476 3384 1731 3459 odium,
1787 3396 1854 3445 et
1890 3379 2300 3461 omniapec-
2374 3459 2381 3462 „

379 3473 921 3552 cetaeorumque
970 3469 1347 3540 occasiones
1393 3468 1706 3554 deinceps
1755 3465 2033 3540 vitandi,
2094 3478 2164 3527 et
2201 3463 2298 3525 le-

381 3555 481 3639 gis
528 3556 723 3617 totius
769 3555 1125 3618 servandae
1171 3558 1579 3639 propositum
1626 3551 2176 3639 comprehendat3
2223 3548 2293 3633 b)

377 3642 800 3722 nihilominus
865 3637 1173 3726 perquam
1230 3641 1427 3712 utile,
1491 3643 1546 3703 si
1606 3644 1800 3704 dolor
1856 3636 2295 3730 propositum·

377 3750 506 3812 que
542 3730 622 3790 ad
663 3729 946 3811 singulas
986 3730 1211 3791 saltem
1254 3728 1543 3792 diversas
1583 3743 1998 3813 peccatorum
2038 3727 2295 3804 species

343 3816 754 3900 *singillatim
799 3816 1160 3890 referatur,
1225 3830 1417 3897 atque
1464 3838 1586 3900 pro
1636 3816 1950 3900 gravitate
1993 3821 2296 3893 peccato-

182 3967 785 4004 C————-—-.-.-.

282 4012 398 4139 oo)
448 4058 598 4123 Vid.
630 4060 945 4128 Sclzanza
968 4059 1050 4123 de
1078 4061 1276 4126 theol.
1299 4061 1524 4123 moral.
1550 4020 1916 4143 positiones
1939 4056 2086 4124 805.
2107 4078 2248 4143 sqq.»

283 4144 399 4225 61)
452 4144 549 4213 Cf,
573 4151 835 4227 praeter
854 4146 1231 4212 innumeros
1254 4150 1465 4229 Simp.
1487 4147 2067 4214 Schwarzlmeber
2081 4146 2289 4233 praltt.

368 4233 535 4296 cath.
569 4233 930 4328 Handbuch
964 4257 1030 4319 p.
1069 4235 1182 4304 ΙΙΙ.
1222 4235 1283 4315 §.
1322 4250 1648 4318 20⁸.·8qq.
