2846 4770
262 344 446 427 θεοὶ.
463 359 563 431 ΙΙ.
579 359 693 422 De
710 360 953 427 christ.
970 362 1214 424 virtut.
1225 361 1816 447 perfectionisque
1835 330 2195 431 subitam.
2219 337 2342 448 1ίή
2422 450 2425 457 .

435 531 804 598 socordiam
863 530 1129 603 minime
1192 553 1507 602 excusare
1568 547 1784 618 queat.
1856 532 2179 626 Quoniam
2245 556 2354 599 ve-

425 641 505 682 ro
541 623 614 702 2)
648 622 888 702 gratia
921 619 1061 683 Dei
1078 666 1103 701 ‚
1140 619 1551 704 quantumvis
1590 620 1847 704 efficax
1869 666 1886 696 ,
1917 623 2233 683 humanae
2260 621 2350 684 fa-

425 706 685 770 cultatis
734 727 921 766 usum
969 719 1040 767 et
1087 706 1383 770 liberum
1435 707 1716 770 hominis
1760 711 2129 772 arbitrium
2162 729 2355 772 cona-

426 808 695 878 tumque
759 791 930 854 haud
994 792 1325 867 excludit,
1404 796 1522 857 sed
1583 795 1857 857 maxime
1923 794 2003 857 ad
2070 793 2353 858 excitan-

428 880 623 956 dum,
670 876 1790 965 stimulandumgsustentandumque
1835 882 2113 942 hominis
2161 902 2354 944 cona·

427 982 564 1029 tum
609 981 676 1029 et
723 966 1004 1028 studium
1050 968 1472 1044 conceditur,
1532 969 1996 1053 intelligimus,
2041 968 2193 1030 illos
2238 990 2352 1032 ne·

333 1086 366 1095 <·
424 1075 741 1138 quaquam
787 1053 916 1115 Dei
961 1052 1231 1135 gratiam
1278 1056 1782 1135 commendare,
1848 1055 1966 1117 sed
2011 1055 2228 1138 potius
2273 1077 2353 1119 ea

426 1142 642 1214 abuti,
689 1140 800 1224 qui
837 1142 899 1218 a)
940 1140 1117 1211 illius
1157 1140 1496 1211 efficaciae
1543 1144 1709 1206 male
1749 1140 1977 1204 confisi
2013 1142 2223 1202 minus
2270 1142 2355 1203 si-

426 1229 497 1290 bi
573 1227 980 1301 conandum,
1053 1229 1469 1312 pugnandum
1545 1229 2053 1292 laborandumve
2131 1227 2356 1291 existi·

425 1328 642 1388 mant,
699 1315 888 1398 pigre
934 1334 1007 1376 ac
1056 1316 1429 1379 socorditer
1472 1332 1713 1403 agunt3
1778 1317 1889 1402 qui
1935 1316 2004 1396 b)
2063 1315 2353 1378 occasio·

422 1424 543 1465 nes
574 1400 724 1461 mali
757 1423 890 1462 non
929 1413 1115 1463 caute
1149 1401 1459 1487 fugiunt,
1486 1419 1597 1466 aut
1633 1405 1955 1486 naturalia
1998 1403 2182 1486 quasi
2226 1403 2357 1466 vir-

425 1489 581 1551 tutis
632 1487 841 1550 media
893 1487 1205 1552 adhibere
1262 1491 1643 1573 negligunt3
1713 1491 1922 1573 quic)
1975 1489 2352 1551 conversio·

422 1577 565 1647 nis,
611 1573 1085 1657 justificationis
1123 1597 1199 1638 ac
1245 1575 1771 1639 sanctificationis
1821 1576 2155 1658 negotium
2205 1597 2350 1639 esse

427 1661 687 1725 obvium
750 1683 825 1724 ac
882 1659 1263 1724 facillimum
1322 1664 1755 1739 arbitrantur3
1824 1664 1934 1746 qui
1996 1661 2062 1737 d)
2128 1660 2209 1731 'ad
2254 1684 2355 1723 ar-

424 1749 623 1811 duum
666 1749 792 1811 hoc
833 1750 1348 1833 negotiumnon
1388 1751 1565 1812 omni
1603 1763 1837 1812 conatu
1875 1768 1998 1809 nec
2046 1746 2157 1808 diu
2191 1747 2354 1810 mul-

423 1850 689 1919 tumque
738 1857 807 1898 se
855 1851 1289 1921 praeparent,
1351 1851 1460 1905 aut
1506 1837 1712 1920 prima
1769 1835 2192 1896 fundamenta
2232 1840 2352 1916 'po-

424 1923 632 1985 suisse
692 1922 983 1990 contenti
1038 1923 1346 1988 vitiorum
1392 1923 1652 1987 radices
1705 1922 1964 2005 penitus
2014 1920 2348 1994 evellere,
2389 1926 2395 1933 '

424 2024 720 2072 veterem
766 2010 1096 2073 hominem
1156 2030 1301 2075 oum
1359 2011 1608 2073 actibus
1661 2010 1793 2070 suis
1844 2018 2109 2091 prorsus
2155 2019 2354 2070 exue'-

424 2117 540 2170 re,
585 2118 877 2170 -novum,
943 2099 1058 2182 qui
1120 2097 1477 2160 secundum
1524 2097 1848 2159 Christum
1910 2099 2165 2156 creatus
2211 2109 2348 2170 est,

387 2182 776 2251 {hominemffl
813 2182 1091 2247 induere
1154 2184 1529 2269 negligunt,
1592 2197 1703 2257 aut
1761 2197 1942 2245 certe
1989 2181 2354 2263 parum'la-

418 2270 1021 2355 borant34denique
1076 2270 1187 2354 qui
1228 2277 1291 2354 e)
1350 2271 1683 2356 quibusvis
1727 2293 1761 2331 a
1799 2272 1949 2331 Deo
2006 2268 2170 2329 datis
2208 2272 2352 2350 gra-

347 2391 352 2392 *
421 2356 573 2437 tiis,
636 2371 705 2420 et
750 2357 982 2431 oblatis
1042 2358 1123 2419 ad
1184 2357 1426 2420 bonum
1491 2356 1942 2421 occasionibus
2007 2353 2350 2418 sollicitius
2418 2420 2421 2423 ⁴

419 2445 562 2524 uti,
587 2458 677 2507 >et
711 2445 923 2508 indies
949 2445 1027 2505 ‘in
1082 2446 1317 2508 melius
1351 2444 1678 2528 proficere
1705 2489 1721 2518 ,
1769 2442 1962 2506 acad
2001 2440 2352 2524 perfectio-

424 2531 529 2593 nis
589 2532 853 2596 moralis
911 2531 1122 2594 ideale
1185 2532 1707 2615 appropinquare
1769 2532 1877 2594 vix
1937 2529 2180 2592 leviter
2242 2549 2353 2592 cu·

417 2622 586 2681 rant.
645 2617 713 2691 5)
748 2618 1067 2702 Nimirum
1115 2618 1419 2701 equidem
1465 2641 1503 2680 a
1535 2620 1683 2680 Deo
1729 2615 2195 2698 bon0=gratiae
2243 2637 2354 2678 au·-

423 2704 578 2767 xilia
623 2720 805 2767 certo
854 2705 1211 2789 sperandaz
1278 2704 1470 2765 simul
1535 2718 1748 2766 tamen
1796 2704 1881 2765 ita
1942 2702 2347 2777 conandum,

422 2790 885 2867 laborandum,
933 2789 1531 2874 decertandumque
1567 2805 1700 2866 est,
1747 2810 1821 2852 ac
1855 2789 1908 2850 si
1944 2808 2026 2848 ex
2057 2787 2200 2848 solo
2240 2808 2349 2849 co-

426 2892 583 2940 natu
643 2893 869 2941 nostro
931 2878 1143 2939 omnia
1198 2877 1549 2967 pendeant.
1626 2875 1726 2942 Cf.
1784 2876 1895 2938 De
1953 2875 2345 2946 imitatione

430 2954 695 3030 Clcristi
727 2966 839 3035 lib.
878 2967 956 3034 11.
994 2987 1055 3035 e.
1099 2984 1202 3030 ιο.
