2846 4770
212 380 309 448 ,0,
330 377 428 439 ΙΙ.
446 374 608 440 Arc.
631 374 715 445 II,
744 371 1458 439 Adminioula'vtreut.
1477 372 1728 440 chris-t..
1742 368 2141 457 pmeotpua,
2184 358 2314 456 529

234 547 705 640 monuimus,
756 545 1244 636 faciendum,
1311 547 1655 619 veritates
1723 543 1803 615 in
1857 558 2101 615 mente
2158 540 2314 612 ani-

230 680 509 753 moque
565 649 1013 742 servandae,
1086 650 1616 723 custodiendae
1674 663 1747 719 et
1800 648 2012 719 factis
2071 643 2316 744 expri-

227 759 598 851 mendae3
652 756 712 828 s'i
746 757 942 852 'quae
988 753 1423 829 obscuriora
1469 772 1592 826 aut
1632 749 1854 824 dubia
1898 747 2317 848 occurrant,

224 865 566 941 virorum
623 859 1013 935 doctorum
1057 860 1499 957 piorumque
1545 854 1856 932 consilia
1902 873 1975 928 et
2029 854 2320 925 institu-

227 970 337 1044 tio
359 1025 381 1061 ,
425 990 613 1064 quae
648 989 900 1037 verum
941 964 1593 1055 sensum2doceat,
1633 958 2101 1051 adhibenda3
2147 982 2321 1055 por·

224 1097 320 1146 ro
348 1078 425 1171 g)
461 1068 687 1141 lectio
730 1069 912 1139 haec
953 1065 1294 1145 salutaris
1335 1053 2319 1164 saepiusfieqc'zen‘tanda3

233 1194 314 1250 et
335 1173 510 1247 licet
550 1179 752 1244 certo
799 1173 1120 1270 tempori
1155 1170 1526 1244 serviliter
1570 1170 1769 1241 haud
1800 1170 1895 1239 sit
1922 1168 2319 1239 inhaeren-

230 1275 1080 1378 dum,.saluherrimum
1136 1292 1383 1350 tamen
1430 1276 1608 1366 erit,
1651 1272 2045 1370 *siocertut'n
2094 1269 2321 1367 aptis·-

226 1376 655 1479 simumque
714 1397 1005 1479 tempus
1069 1379 1182 1452 vel
1226 1369 1469 1452 indies
1488 1435 1509 1471 ,
1566 1376 1686 1451 vel
1733 1378 1995 1452 saltem
2056 1372 2318 1445 diebus

228 1486 635 1563 dominicis
691 1500 765 1556 et
799 1484 1085 1558 festivis
1127 1483 1302 1576 huic
1353 1481 1663 1555 lectioni
1704 1479 2117 1552 destinetur
2156 1503 2322 1549 san·

229 1611 503 1692 cteque
580 1589 1085 1688 impendatur}
1183 1587 1533 1660 Ceterum
1633 1584 2013 1681 hucusque
2115 1579 2315 1651 dicta

229 1697 499 1786 itidem
534 1695 646 1767 ⁴ad
689 1692 1082 1778 moralium
1142 1691 1592 1791 piorumque
1651 1685 2014 1768 librorum
2057 1682 2320 1755 lectio-

229 1828 417 1877 nem
451 1800 876 1901 pertineutx
936 1796 1342 1870 videndum
1381 1813 1675 1885 tamen,
1732 1809 1811 1863 ut
1856 1792 2117 1887 optimi
2147 1789 2340 1858 seli-⁷

225 1922 564 2007 gantur,
621 1918 840 1999 atque
884 1902 961 1971 in
1003 1902 1091 1973 iis
1139 1916 1487 1973 contenta
1548 1914 1850 1996 eatenus
1905 1893 2142 1966 solum
2180 1916 2317 1990 pro

222 2010 460 2084 certis
511 2006 966 2097 habeantur,
1023 2023 1393 2103 quatenus*
1433 2028 1623 2077 ‘cum
1672 2026 1846 2076 sana
1907 1999 2196 2072 ratione
2250 2009 2324 2066 et

226 2117 601 2217 scriptura
632 2110 1110 2184 consentiunt
1144 2113 1332 2203 *θλ
1841 2113 1846 2116 ⁴
1899 2116 1906 2122 ’

317 2304 382 2394 *Ι
431 2305 613 2365 Haec
651 2324 703 2366 s.
738 2315 989 2387 patrum
1032 2322 1355 2372 consensu
1380 2295 1795 2381 comprobata
1834 2290 2051 2376 praxis
2086 2301 2155 2351 et
2176 2307 2323 2349 sen-

405 2391 606 2467 tentia
670 2391 739 2452 in
784 2391 1063 2453 ecclesia
1118 2410 1379 2472 semper
1428 2383 1721 2450 obtinuit.
1787 2379 2016 2464 Neque
2078 2374 2321 2445 obstat,

403 2479 576 2562 quod
626 2476 890 2539 concilii
937 2475 1248 2537 Tolosani
1291 2478 1370 2535 A.
1413 2490 1596 2560 1229.
1642 2492 1780 2536 can.
1835 2468 1939 2534 15.ν
1980 2477 2047 2528 et
2089 2467 2323 2524 Roma·

404 2587 529 2626 nus
587 2564 902 2625 librorum
967 2561 1444 2644 prohibitorum
1508 2559 1706 2621 index
1768 2556 2122 2617 lectionem
2169 2549 2329 2610 scri-

405 2664 638 2734 pturae
679 2652 745 2711 in
778 2649 1197 2714 vernaculum
1241 2665 1469 2708 versae
1507 2665 1637 2704 non
1674 2641 2043 2723 promiscue
2083 2634 2328 2698 licitam
2367 2631 2377 2641 “

405 2732 798 2815 asseruerit,
860 2737 1007 2796 imo‘
1053 2735 1270 2796 multis
1333 2730 1591 2802 noxiam
1629 2746 1801 2798 =esse
1847 2721 2131 2808 putarit&
2182 2741 2330 2786 nam

403 2823 533 2887 hoc
586 2822 921 2895 decretum
974 2843 1055 2883 ex
1090 2819 1456 2906 praecipuis
1493 2813 1879 2899 quibusdam.
1907 2827 2126 2871 rerum
2172 2820 2332 2868 tem-

324 2982 332 2991 *
404 2931 721 2994 potumve
758 2908 1121 2989 adjunctis,
1165 2907 1350 2991 queis
1396 2900 1947 2965 accommodatum
2013 2906 2191 2964 erat,
2238 2891 2333 2951 di-

404 2996 820 3078 judicandum
855 3015 956 3058 est
979 3037 996 3069 ,
1038 3014 1159 3055 nec
1190 2994 1272 3054 iis
1312 2988 1631 3073 adjunctis
1668 2985 1924 3048 mutatis
1964 2977 2330 3060 obstringit.

413 3082 786 3147 Certe'illis
832 3078 1272 3164 temporibus,
1329 3077 1514 3163 queis
1558 3074 1741 3137 rudis
1802 3066 2011 3156 quiris
2069 3063 2330 3126 minime

407 3168 762 3232 instructus
805 3169 1043 3238 biblia.
1089 3167 1345 3252 saepius
1391 3164 1469 3226 ab
1503 3158 1894 3225 ‘acatholicis'
1926 3154 2094 3216 male
2142 3171 2331 3215 versa
2405 3196 2412 3205 .

408 3259 521 3320 vel
554 3257 946 3330 adulterata,
993 3256 1222 3338 legere
1247 3298 1265 3326 ‚
1314 3265 1386 3315 et
1425 3251 1605 3335 ipsus
1639 3248 1706 3310 in
1747 3241 2335 3326 religionis-nego-

305 3376 333 3423 ,·
411 3344 508 3406 tio
544 3344 782 3425 judicis
828 3348 1059 3415 munus
1121 3339 1243 3401 sibi
1303 3357 1651 3422 arrogare,
1713 3328 2331 3409 absurdissimasque

419 3430 772 3514 opiniones.
800 3452 882 3497 ex
925 3427 1160 3494 iisdem
1204 3426 1537 3489 deducere
1582 3436 1713 3484 non
1761 3417 2141 3492 verebatur,
2187 3433 2338 3496 pro-

422 3517 669 3586 miscua
707 3517 905 3585 lectio
939 3513 1232 3596 pluribus
1270 3513 1462 3575 noxia
1503 3530 1649 3574 esse
1687 3510 1914 3592 potuit,
1970 3502 2187 3594 Quum
2230 3519 2339 3567 au·

414 3618 550 3666 tem
592 3603 741 3666 hui‘o
785 3601 1082 3686 periculo
1133 3620 1254 3683 per
1298 3597 1690 3665 curatiorem
1724 3593 2193 3671 institutionem
2232 3586 2337 3644 res·

332 3700 341 3711 “
414 3690 756 3771 ligiosam‚
805 3710 924 3771 per
958 3687 1268 3750 meliores
1304 3687 1663 3766 scripturae
1718 3698 1941 3745 sacrae
1995 3671 2332 3736 versiones

421 3778 876 3861 editionesque
904 3820 921 3850 ‚
967 3796 1086 3857 per
1122 3774 1361 3836 breves
1397 3769 1845 3835 adnotationes
1877 3763 1961 3823 sit
1999 3758 2153 3822 satis
2195 3776 2339 3817 cau-

420 3877 599 3926 tum:
664 3864 757 3924 nil
801 3882 1001 3945 porro
1049 3860 1292 3933 obstat,
1353 3874 1484 3943 quo
1529 3855 1779 3927 minus,
1841 3850 1895 3911 si
1942 3844 2136 3908 modo
2182 3862 2337 3919 eae,

425 3972 584 4036 quas
612 3949 1049 4034 suggessimus
1069 3990 1086 4022 ,
1128 3944 1397 4028 regulae
1432 3959 1499 4008 et
1529 3939 1862 4005 cautiones
1891 3932 2337 4000 adhibeantur.

426 4058 478 4101 s.
515 4038 833 4121 scriptura
855 4079 871 4111 ‚
918 4031 1301 4116 praesertim
1334 4032 1489 4099 novi
1519 4023 1928 4100 testamenti,
1970 4016 2169 4112 *vulgo
2202 4038 2239 4107 a
2267 4012 2339 4085 ss-

423 4125 678 4195 delibus
715 4123 851 4215 legi
890 4120 1141 4190 utiliter
1179 4121 1407 4211 possit,
