2846 4770
539 353 661 422 ιη,
831 344 941 409 Do
978 345 1233 435 officiis
1271 355 1616 414 certorum
1652 355 1986 426 statuum.
2026 337 2205 410 Sede.
2242 341 2302 406 1.

532 517 1041 618 evagationem
1096 535 1536 593 retractetur
1587 521 1737 610 M).
1811 518 1995 592 Nam
2052 518 2238 591 haec
2295 539 2433 614 per
2482 515 2601 616 ip-

529 648 685 696 sam
731 626 1103 698 orationis
1116 680 1141 717 ‚
1211 623 1447 723 qualis
1493 624 1745 722 utique
1789 639 1900 703 est
1936 624 2287 699 horarum
2329 619 2597 694 recita-

499 725 676 816 ,tio,
726 741 1096 800 naturam
1134 745 1207 801 et
1244 754 1379 828 per
1416 726 1652 828 legem
1697 725 2052 800 ecclesiae
2090 726 2601 824 requiruntur.

534 831 723 902 Sane
771 857 937 922 eoa,
993 834 1120 930 qui
1188 830 1595 927 voluntarie
1638 832 1968 905 distracti
2009 848 2081 903 et
2138 832 2321 903 citra
2362 827 2595 901 animi

534 933 1015 1006 devotionem
1042 935 1260 1009 horas
1287 936 1581 1027 dicunt,
1621 934 1808 1008 illud
1833 936 2110 1007 Christi
2139 933 2433 1006 effatum
2462 930 2599 1019 ²5⁴)

537 1036 875 1110 damnat:
943 1037 1453 1136 Hrpooritae,
1508 1040 1698 1111 bene
1732 1039 2220 1136 prophetavit
2261 1038 2361 1108 de
2387 1033 2604 1130 ⁴vobis

534 1141 819 1231 IsaiaS,
891 1140 1192 1214 dicens:
1246 1144 1394 1216 Hic
1422 1145 1753 1240 populus
1802 1144 2024 1217 labiis
2067 1169 2182 1214 me
2225 1141 2600 1231 honorat,

536 1269 678 1318 cor·
714 1259 977 1317 autem
1019 1270 1286 1318 eorum
1324 1249 1705 1345 longeest
1743 1274 1795 1320 a
1834 1273 1972 1348 me.
2180 1276 2185 1283 ·

619 1428 681 1516 ⁴¹⁶)
728 1428 1111 1514 Requiritur
1155 1430 1345 1494 etiam
1387 1448 1656 1497 externa
1698 1434 2112 1509 reverentia,
2174 1451 2335 1514 quae
2380 1424 2443 1508 ι)
2492 1447 2606 1488 ex·

708 1517 927 1580 cludat
986 1536 1209 1580 omnes
1271 1519 1555 1582 actiones
1618 1519 1678 1601 a)
1727 1517 2034 1579 orationis
2097 1514 2391 1599 dignitati
2433 1511 2608 1575 haud

704 1618 1176 1687 congruentes»,
1235 1604 1303 1687 h)
1349 1607 1666 1668 internam
1718 1603 2129 1668 devotionem
2174 1600 2606 1686 impedientes

703 1704 813 1754 aut
868 1709 1136 1774 prorsus
1195 1691 1639 1755 excludentes.
1703 1694 1913 1753 Porro
1965 1690 2027 1774 2)
2074 1692 2139 1751 in
2185 1690 2390 1753 choro
2434 1685 2605 1748 reci·
2664 1766 2671 1771 ·

701 1789 914 1840 tantes
977 1778 1447 1863 'prae-scriptum
1508 1800 1628 1860 per
1697 1778 1994 1840 rubricas
2057 1778 2246 1841 situm
2305 1770 2606 1856 corporis

702 1884 968 1927 servare
1016 1863 1292 1944 debent3
1339 1863 1449 1927 alii
1495 1876 1563 1926 ut
1604 1864 1776 1927 idem
1818 1864 2093 1940 faciant,
2138 1863 2407 1925 maxime
2451 1879 2604 1921 con·-

703 1949 1249 2096 gruit.fflnterim
1292 1951 1359 2035 5)
1407 1952 1698 2037 quemvis
1755 1951 1946 2021 situm
1999 1951 2341 2018 decentem
2387 1966 2602 2013 serva.

704 2057 780 2098 re
827 2056 903 2099 su
959 2049 1092 2107 tcit,

569 2235 583 2247 2
620 2203 725 2293 **)
770 2207 984 2268 Porro
1036 2200 1098 2282 ι)
1145 2206 1227 2287 de
1269 2209 1650 2285 intentione
1693 2230 1823 2271 non
1870 2223 2004 2283 est,
2062 2227 2180 2269 cur
2218 2201 2485 2267 solliciti
2525 2199 2607 2261 si-

704 2312 882 2368 mus,
949 2291 1002 2351 si
1050 2290 1244 2352 modo
1282 2293 1516 2355 mentis
1567 2298 1854 2357 attentio
1893 2299 2141 2377 piaque
2185 2292 2399 2353 animi
2441 2287 2604 2372 affi-

704 2382 842 2445 ctio
881 2376 1053 2439 haud
1089 2374 1361 2442 deficiat.
1398 2381 1837 2464 Distinguitur
1864 2396 2074 2444 autem
2108 2378 2171 2463 9.)
2199 2376 2487 2441 attentio
2521 2393 2606 2437 ex

701 2464 954 2527 ratione
1014 2464 1249 2546 objecti
1294 2466 1497 2545 a)-ad
1537 2470 1740 2530 verba
1785 2472 1978 2551 ipsa,
2038 2479 2110 2527 ut
2156 2485 2233 2529 ea
2276 2462 2421 2528 rite
2450 2478 2609 2542 pro-

702 2551 1083 2613 nuntientur
1096 2572 1116 2630 3
1156 2548 1221 2630 b)
1257 2554 1350 2615 ad
1379 2554 1741 2616 verborum
1772 2574 2080 2628 sensum3
2123 2551 2182 2632 c)
2222 2550 2313 2611 ad
2329 2547 2600 2620 Deumi

706 2635 775 2720 d)
824 2635 902 2699 ad
948 2658 1059 2709 ea,
1120 2658 1283 2722 quae
1328 2637 1646 2720 petimus,
1703 2638 1783 2700 ad
1828 2639 1954 2699 Dei
1997 2627 2607 2721 perfectionea,‘ad

710 2737 966 2788 nostras
1023 2722 1411 2806 indigentias
1466 2747 1502 2787 a
1544 2726 1688 2787 Deo
1741 2723 2188 2787 sublevandas.
2254 2721 2395 2781 Jam
2441 2736 2606 2779 vero

703 2808 772 2893 5)
820 2831 952 2872 non
996 2810 1354 2895 requiritur
1396 2815 1685 2875 attentio
1733 2810 2034 2875 actualis
2079 2820 2424 2894 perpetuo·
2450 2822 2608 2864 eon-

699 2895 979 2969 tinuata‚
1047 2896 1165 2959 sed
1226 2896 1469 2959 sufficit
1526 2896 1851 2969 virtualis,
1913 2917 2146 2980 nempe
2207 2906 2277 2956 ut
2334 2889 2608 2953 actualis

702 2982 1068 3049 voluntarie
1112 3004 1244 3046 non
1287 2984 1737 3065 abrumpatur,
1799 2996 1897 3057 et,
1943 2986 2015 3044 -si
2060 2983 2202 3067 quis
2262 2999 2332 3040 se
2379 2976 2611 3041 distra-

703 3084 877 3132 ctum
928 3070 1255 3143 advertat,
1317 3069 1430 3130 illa
1477 3067 1825 3129 suscitetur
1867 3084 2370 3149 renoveturque.
2440 3065 2608 3124 Item

702 3164 773 3230 4)
811 3177 943 3217 non
982 3154 1336 3239 requiritur
1373 3153 1727 3216 universim
1765 3152 1824 3235 a)
1865 3160 2151 3218 attentio
2196 3151 2288 3215 ad
2323 3169 2607 3213 sensum

702 3243 1101 3317 verborum,
1148 3253 1221 3301 ut
1267 3261 1457 3326 quem
1500 3239 1698 3324 aliqui
1744 3240 1823 3301 ad
1875 3240 2066 3302 horas
2115 3236 2382 3320 obligati
2433 3232 2607 3294 haud

701 3318 1111 3410 intelligunt:
1173 3324 1573 3388 sed·sufficit
1610 3328 1674 3411 b)
1717 3331 2019 3390 attentio
2048 3322 2484 3408 spiritualis,
2530 3331 2604 3379 ut

705 3409 913 3489 ajunt,
972 3433 1206 3494 nempe
1253 3412 1332 3474 ad
1376 3414 1606 3485 verba,
1667 3426 1737 3476 ut
1776 3412 1903 3474 rite
1947 3412 2337 3481 recitentur,
2386 3404 2608 3472 simul·

706 3517 832 3580 que
876 3512 946 3559 ut
982 3500 1165 3560 mens
1202 3499 1282 3559 ad
1320 3502 1567 3574 Deum,
1630 3500 1734 3561 vel
1771 3498 1850 3558 ad
1891 3520 1998 3560 res
2044 3485 2180 3581 pias
2232 3495 2313 3555 sit
2355 3490 2605 3565 defixa.

706 3584 1096 3667 sanctisque‘
1134 3585 1430 3668 cogitatis
1495 3600 1561 3650 et
1623 3584 1962 3646 affectibus
2028 3596 2354 3664 occupata.
2437 3581 2601 3638 Nam

705 3670 950 3733 vocalis
979 3670 1284 3735 orationis
1319 3673 1665 3734 substantia
1698 3672 1764 3731 in
1799 3691 1881 3732 eo
1918 3672 2318 3737 continetur,
2357 3676 2429 3726 ut
2461 3684 2607 3726 ver-

703 3755 784 3819 ba
828 3760 953 3820 rite
992 3760 1497 3842 pronuntientur
1540 3773 1606 3821 et
1648 3778 1827 3818 mens
1874 3757 1954 3818 ad
1997 3759 2247 3828 Deum,
2293 3763 2606 3835 quantum

706 3844 854 3907 fieri
887 3845 1110 3929 possit,
1145 3846 1400 3910 elevata
1430 3846 1802 3930 directaque
1837 3844 2145 3915 habeatur
2180 3841 2265 3929 (§.
2288 3836 2432 3903 285.
2454 3838 2604 3922 αφ).

575 2533 602 2548 l

487 4069 737 4104 ,m

638 4164 781 4252 164)
825 4172 1052 4239 Matth.
1090 4174 1234 4240 XV.
1273 4195 1333 4255 7.
1371 4191 1510 4255 sqq.
