2846 4770
593 427 726 508 274
739 419 854 482 De
869 419 1111 484 christ.
1127 419 1371 487 virtut.
1386 416 1977 504 perfectionisque
1989 414 2352 483 subsidiis.
2376 412 2541 481 Seet.
2560 414 2641 483 ΙΙ.

591 556 1079 697 peccatorum
1148 590 1405 701 quoad
1474 606 1755 663 totam
1777 609 2047 671 eorum,
2102 585 2455 667 malitiam
2518 617 2645 662 om-

592 724 880 798 nesque
933 695 1169 772 malos
1240 694 1549 773 effectus
1607 699 1716 789 (5.
1777 714 1948 769 222
1953 699 2082 786 ὶ,
2111 694 2318 790 quod
2373 719 2646 766 examen

596 831 682 878 ea
741 800 1167 901 diligentia,
1240 826 1455 898 quae
1483 797 1797 898 negotii
1845 822 2079 896 scopo
2152 799 2645 897 gravitatique,

592 908 781 981 item
827 917 1310 1004 peccatotum
1350 929 1755 994 numero,
1784 904 2027 974 ¹variae
2071 904 2393 1001 speciei,
2461 920 2527 975 et
2564 904 2648 974 vi·

591 1010 771 1085 tiosi
822 1025 1052 1081 status
1110 1008 1532 1100 durationi,
1599 1006 1898 1108 paucis
1967 1005 2240 1087 morali
2296 1007 2647 1078 hominum

596 1112 922 1214 cujusvis
967 1115 1189 1186 statui
1232 1128 1631 1212 congruat,
1688 1103 2234 1183 instituendum
2286 1126 2442 1204 est3
2476 1132 2647 1187 con·

597 1219 990 1292 tritionem
1027 1218 1208 1289 item
1268 1218 1558 1315 praeire
1618 1232 1743 1287 aut
1776 1217 2120 1308 comitati
2169 1214 2399 1287 debet
2454 1213 2518 1310 c)
2554 1241 2646 1286 ve·

591 1324 898 1396 ritatum
956 1320 1414 1411 salutarium
1456 1321 1727 1394 notitia
1768 1344 1921 1402 seu
1956 1320 2265 1414 fideS,
2289 1345 2374 1392 ac
2430 1320 2645 1391 veniae

592 1450 806 1525 spe-95
875 1442 1095 1526 atque
1138 1425 1219 1523 d)
1259 1450 1487 1499 amor
1518 1425 1843 1525 quidam
1883 1425 2037 1496 Dei
2070 1422 2343 1497 saltem
2386 1421 2646 1496 initialis

596 1537 714 1628 (S.
760 1533 933 1628 752.
976 1559 1051 1605 n.
1057 1538 1126 1623 ),
1184 1555 1335 1628 quo
1390 1531 1551 1603 sine
1607 1531 1731 1601 vix
1786 1529 2100 1628 cogitari
2147 1545 2402 1629 potest
2453 1526 2646 1599 animi

595 1635 693 1709 ad
724 1637 966 1719 Deum
1004 1633 1441 1726 conversio,
1488 1651 1561 1706 et
1597 1633 1879 1722 efficax,
1922 1658 2077 1730 quo
2120 1633 2515 1752 imperium
2545 1629 2648 1703 bo·

590 1765 732 1813 nae
780 1726 1197 1825 affectionis
1242 1739 1714 1829 restituatur,
1784 1736 2120 1810 melioris
2166 1739 2365 1810 vitae
2416 1759 2647 1836 propo-

594 1843 845 1918 situm.
888 1841 966 1940 2)
986 1844 1268 1916 Partes
1287 1841 1773 1919 essentiales:
1806 1868 2080 1940 nempe
2107 1840 2185 1939 a)
2197 1843 2456 1914 odium
2475 1841 2647 1912 dete·

593 1951 990 2049 statioque
1013 1950 1351 2045 peccati,
1395 1962 1762 2045 quatenus
1787 1961 1900 2018 est
1930 1944 2126 2043 legis·
2152 1947 2450 2017 divinae
2471 1969 2647 2044 prae-

591 2051 993 2137 varicatio,
1048 2049 1608 2143 inobedientia,
1666 2049 1942 2122 offensa
1987 2051 2127 2123 Dei
2173 2049 2287 2150 (§.
2338 2053 2493 2125 162.
2530 2052 2646 2137 nss),

595 2171 822 2254 atque
860 2153 1279 2228 affectionis
1319 2156 1631 2227 vitiosae
1668 2154 2103 2226 retractatio
2143 2153 2646 2243 destructiove3

591 2257 677 2356 b)
708 2258 1119 2332 servandae
1151 2258 1336 2358 legis
1370 2257 1671 2330 divinae
1713 2275 1788 2332 et
1818 2258 2376 2357 satisfaciendi
2398 2260 2645 2329 firmum

590 2364 1114 2465 propositum,
1184 2390 1334 2437 seu
1362 2360 1776 2438 affectionis
1818 2360 2061 2437 bonae
2113 2362 2646 2461 praedominan-

591 2468 690 2540 tis
747 2468 1123 2540 inductio:
1198 2492 1512 2564 quarum
1569 2467 1692 2538 illa
1761 2469 1957 2541 item
2007 2466 2269 2541 efficax
2326 2474 2401 2560 a)
2453 2463 2648 2539 animi
2717 2548 2723 2562 ⁹

594 2576 901 2643 aversio
927 2599 977 2644 a
992 2585 1370 2668 peccato;
1397 2571 1586 2644 haec
1610 2570 1685 2662 b)
1715 2596 2111 2645 conversio
2133 2573 2249 2645 ad
2260 2574 2505 2654 Deum
2527 2563 2647 2640 dici

593 2671 786 2747 solet
816 2672 930 2774 (ς.
960 2678 1130 2752 225.
1160 2680 1331 2772 sq..)
1380 2680 1459 2768 3)
1495 2675 1851 2748 Indoles:
1894 2703 2169 2775 nempe
2203 2667 2272 2768 a)
2306 2676 2491 2748 haud
2519 2670 2646 2770 qui·
2706 2725 2713 2740 ,

595 2777 770 2852 dem
792 2780 1204 2878 requiritur
1226 2780 1582 2853 contritio
1597 2780 1998 2879 perfecta,
2043 2806 2234 2877 quae
2263 2782 2420 2853 sine
2447 2798 2645 2851 sacra-

591 2902 853 2958 mento
879 2883 1101 2956 etiam
1126 2883 1517 2985 justificat3
1553 2882 1789 2973 sedb)
1814 2885 2309 2981 imperfecta,
2347 2909 2518 2987 quae
2539 2903 2644 2951 zm

592 2988 772 3060 tiali
795 2989 1075 3061 saltem
1098 2988 1249 3060 Dei
1288 2988 1682 3060 charitate
1723 2989 2116 3081 animetur,
2160 3004 2236 3061 et
2269 2989 2362 3061 ad
2386 2998 2642 3098 peccata

593 3115 732 3164 ceu
768 3092 919 3167 Dei
954 3092 1312 3192 offensas
1345 3091 1544 3163 serio
1582 3091 2019 3164 detestanda
2062 3104 2284 3191 atque
2324 3094 2412 3165 ad
2449 3084 2642 3163 domi·

589 3210 899 3267 nantem
926 3195 1111 3295 legis
1148 3194 1446 3267 divinae
1481 3196 1978 3268 reverentiam
2014 3196 2504 3270 inducendam
2529 3212 2640 3288 ope

592 3295 851 3370 saltem
889 3297 1200 3372 aliorum
1227 3299 1871 3372 incitamentorum
1904 3327 2041 3401 par
2076 3302 2215 3396 sit3
2259 3318 2472 3401 atque
2499 3296 2642 3368 hinc

591 3405 671 3493 c)
713 3406 1019 3475 attritio
1063 3429 1271 3475 mere
1295 3404 1881 3504 formidolosa,
1935 3420 2017 3478 ut
2054 3423 2368 3497 vocant,
2424 3429 2541 3477 seu
2572 3417 2642 3469 ex

587 3501 753 3578 solo
795 3528 1214 3605 poenarum
1258 3507 1534 3581 inferni
1579 3524 1785 3580 metu
1838 3523 2204 3609 concepta
2251 3463 2466 3583 eti'am
2505 3524 2641 3577 cum

587 3625 1061 3683 sacramento
1114 3609 1321 3683 haud
1392 3611 1729 3685 sufficere
1797 3613 2096 3686 videtur
2150 3620 2257 3705 ’θ
2333 3613 2639 3698 Ceterum
2714 3689 2715 3692 Ἴ

579 3713 1058 3816 'imperfecta
1098 3738 1399 3813 quoque
1446 3719 1808 3789 contritio
1852 3716 2079 3792 debet
2121 3718 2394 3790 habere
2438 3727 2635 3787 certas

581 3815 807 3892 ¹dotes
848 3846 978 3892 seu
1017 3825 1101 3912 4)
1128 3823 1703 3917 proprietates;
1758 3821 2113 3895 nimirum
2159 3820 2500 3895 conuitio
2524 3813 2635 3884 de-

585 3919 719 3994 bet
746 3948 904 3996 esse
934 3930 1010 4015 a)
1046 3926 1677 4028 supernaturalis
1696 3923 1796 4021 5⁵)
1825 3928 2119 3999 ratione
2158 3944 2233 3999 et
2261 3921 2550 4038 originis
2578 3928 2636 3985 et

582 4025 878 4114 motivi
894 4032 1011 4123 (S.
1054 4025 1231 4160 223.
1275 4054 1324 4099 n
1335 4035 1429 4150 .),
1486 4056 1675 4128 quae
1719 4056 1879 4103 non
1922 4056 1962 4104 a
2007 4015 2287 4106 taedio
2303 4028 2397 4105 ob
2437 4026 2636 4099 hono-

572 4327 587 4338 .
647 4246 783 4353 55),
820 4247 920 4318 Cf.
957 4252 1042 4321 11.
1083 4243 1239 4316 Cor.
1265 4251 1428 4322 vll.
1481 4272 1576 4321 ιο.

2778 518 2784 559 ff
