2846 4770
393 379 466 445 0.
497 381 572 444 V.
610 379 774 445 Art.
800 375 949 443 III.
986 379 1093 445 De
1128 340 1673 463 obligationibus
1706 377 2007 444 militum
2040 390 2168 443 etc.
2233 379 2317 466 75

231 551 361 653 qni
407 552 503 624 ad
562 547 906 624 militiam
965 551 1118 651 apti
1161 550 1644 625 inveniuntur
1696 569 1770 625 et
1819 553 2147 653 legitime
2192 580 2315 627 vo-

236 673 541 747 cantur,
615 656 827 755 justis
881 653 1000 727 his
1064 653 1407 754 publicae
1480 658 1936 730 auctoritatis
2003 657 2315 757 obsequi

206 760 607 835 'mandatis
675 781 1028 854 armaque
1099 774 1414 832 tractare
1486 758 1945 859 obligantur3
2020 761 2104 852 h)
2177 789 2316 835 nec

234 864 584 937 militiam
629 879 753 933 aut
801 877 1039 935 castra
1084 864 1267 935 citra
1324 889 1766 935 consensum
1809 866 2315 964 legitimorum

237 969 711 1068 superiorum
767 966 1117 1039 deserere·
1157 966 1433 1064 absque
1487 966 1881 1066 multiplici
1935 969 2089 1041 fere
2141 996 2315 1069 pec-

239 1090 413 1145 cato
468 1086 815 1170 possunt3
871 1069 1003 1141 sed
1043 1076 1110 1161 c)
1155 1097 1386 1168 usque
1427 1071 1517 1143 ad
1563 1073 1968 1170 praefixum
2011 1100 2145 1174 per
2191 1100 2315 1173 pa-

241 1194 368 1248 cta
420 1173 703 1273 legesve
764 1190 1052 1272 tempus
1106 1175 1450 1248 omnibus
1504 1173 1686 1247 boni
1739 1175 1996 1250 militis
2052 1178 2313 1252 officiis

239 1279 585 1381 perfungi
623 1293 991 1351 tenentur.

302 1450 386 1543 ⁴⁴⁵)
441 1455 500 1535 ι)
552 1451 681 1546 Qui
726 1452 790 1517 vi
832 1451 1099 1537 injusta,
1143 1453 1409 1530 fraude,
1469 1454 1623 1522 dolo
1682 1456 1765 1521 ad
1806 1457 2100 1521 militiam
2146 1449 2310 1519 alios

411 1539 712 1623 adigunt,
758 1556 865 1601 aut
908 1541 1145 1603 invitos
1188 1543 1505 1617 retinent,
1554 1559 1777 1608 contra
1817 1545 2119 1624 justitiam
2161 1563 2316 1631 pec-

412 1642 598 1700 cant,
643 1640 831 1711 atque
870 1641 1003 1688 tum
1046 1626 1216 1702 illis,
1280 1628 1390 1711 qui
1423 1629 1658 1708 injuste
1703 1631 1967 1693 militiae
2016 1630 2311 1711 inscripti

421 1727 590 1781 sunt,
627 1726 754 1773 tum
785 1733 1014 1775 eorum
1052 1713 1332 1776 familiae
1366 1714 1663 1777 damnum
1699 1716 1850 1777 inde
1885 1731 2173 1778 secutum
2208 1736 2313 1777 re-

420 1799 660 1861 sarcire
705 1813 1024 1862 tenentur.
1084 1812 1150 1885 2)
1194 1801 1271 1863 At
1307 1800 1353 1860 ii
1388 1802 1617 1875 etiam,
1680 1801 1791 1883 qui
1834 1824 1870 1863 a
1921 1801 2147 1863 militia
2192 1802 2312 1864 ini-

413 1907 541 1971 que
575 1907 643 1948 se
677 1887 1094 1961 subtrahunt,
1139 1902 1434 1970 peccant.
1482 1888 1548 1971 5)
1588 1892 1647 1950 Is
1681 1902 1882 1950 status
1914 1889 2149 1950 merito
2185 1908 2312 1948 ma-

405 1971 564 2043 ximi
607 1973 1071 2038 aestimandus:
1127 1996 1272 2035 nam
1315 1973 1612 2038 militaris
1659 1989 1856 2036 status
1901 1990 2195 2056 tanquam
2244 1976 2305 2060 a)

407 2061 1116 2143 securitatis-publicae
1164 2076 1295 2122 tum
1342 2062 1596 2123 in-tum
1636 2077 1942 2125 externae
1982 2062 2307 2136 ,fulcrum3

296 2201 313 2220 s
399 2144 469 2227 b)
506 2147 752 2230 patriae
792 2148 1213 2228 praesidium3
1260 2148 1320 2228 c)
1360 2148 1577 2209 throni
1612 2149 1941 2221 columna;
1991 2148 2054 2231 d)
2096 2162 2313 2209 aucto-

399 2233 607 2293 ritatis
653 2233 957 2316 politicae
1004 2234 1544 2304 sustentaculum3
1591 2235 1654 2315 e)
1701 2235 2004 2297 heroicae
2052 2234 2308 2294 semitm

398 2318 568 2381 dinis
606 2320 870 2396 schola;
929 2318 980 2402 f)
1016 2321 1396 2404 patriotismi
1433 2320 1815 2385 nobilissimi
1857 2321 2194 2404 palaestra,
2237 2318 2307 2380 in

396 2407 604 2469 sacris
650 2407 721 2469 et
766 2405 1052 2489 profanis
1106 2410 1538 2469 monumentis
1594 2408 2098 2472 commendatur.
2165 2406 2310 2474 Erit

404 2509 616 2558 autem
661 2499 728 2573 4)
768 2492 939 2556 idem
984 2509 1182 2556 status
1230 2495 1484 2556 virtutis
1529 2494 1718 2557 etiam
1765 2495 2150 2556 christianae
2199 2514 2307 2562 ex·

407 2580 725 2642 ernendae
765 2578 1330 2665 perficiendaeque
1372 2596 1514 2663 apta
1551 2581 1804 2642 occasio
1830 2625 1846 2654 ‚
1893 2583 1947 2642 si
1986 2579 2305 2664 superatis

407 2666 521 2736 iis,
579 2666 803 2748 quibus
849 2687 932 2727 ex
976 2667 1298 2728 hominum
1349 2667 1503 2728 vitio
1549 2668 1864 2728 obnoxius
1912 2682 2046 2741 est,
2105 2666 2305 2755 virtu-

332 2775 334 2778 ·
403 2751 492 2825 tis
535 2749 1000 2833 impedimentis
1039 2753 1411 2835 gravissima
1457 2753 1747 2833 ejusdem
1790 2751 2004 2814 officia
2052 2774 2133 2812 ex
2171 2773 2307 2811 rno-

397 2839 540 2908 tivo
600 2839 942 2900 christiano
1003 2840 1455 2901 observentur.
1524 2838 1743 2929 Quare
1788 2839 1854 2918 5)
1905 2840 2074 2898 hunc
2119 2840 2183 2896 in
2230 2836 2302 2895 fi-

398 2946 548 2996 nem
582 2927 758 2986 utilis
793 2946 1092 3007 prorsus,
1127 2925 1257 2985 imo
1291 2923 1658 2985 necessaria
1699 2937 1801 2983 est
1833 2922 1893 3003 a)
1930 2937 2129 2993 recta,
2170 2942 2305 2979 mo-

394 3012 549 3077 ralis
582 3013 1022 3096 religiosaque
1057 3031 1318 3083 eorum,
1365 3008 1474 3093 qui
1511 3006 1774 3068 militiae
1814 3027 2051 3068 nomen
2090 3006 2302 3065 daturi

395 3113 579 3171 sunt,
627 3098 925 3160 educatio
972 3112 1039 3161 et
1083 3097 1396 3173 directio,
1454 3118 1579 3180 qua
1624 3093 1849 3172 contra
1893 3091 2168 3176 plurima
2213 3091 2305 3153 vi-

395 3184 484 3248 tia
516 3184 643 3255 rite
685 3186 1244 3268 praemuniantur,
1290 3198 1356 3247 et
1396 3181 1477 3244 ad
1516 3183 1785 3246 virtutes
1825 3180 2016 3243 statui
2052 3201 2168 3241 suo
2208 3178 2303 3239 in-.

441 3271 622 3333 rimis
663 3272 1060 3339 necessarias
1101 3270 1538 3332 informentur
1572 3269 2101 3356 excitenturque3
2148 3268 2305 3328 item

395 3291 469 3441 ἓ)
517 3357 785 3419 crebior
825 3357 1054 3419 horum
1098 3357 1566 3441 principiorum
1609 3355 2126 3437 motivorumque
2172 3373 2308 3414 uio-

392 3444 623 3509 ralium
662 3465 784 3526 per
821 3443 1107 3527 publicas
1150 3444 1557 3526 privatasque
1595 3442 2082 3505 exhortationes
2116 3460 2308 3522 repe-2

390 3530 572 3602 ti1i03
624 3544 692 3591 et
735 3528 797 3612 c)
841 3546 1064 3592 contra
1109 3551 1186 3592 ea
1232 3529 1557 3613 agentium
1601 3543 1872 3623 paterna
1916 3542 1984 3591 et
2028 3526 2307 3592 servatis

396 3614 709 3710 gradibus
747 3619 1044 3683 severior
1079 3616 1272 3681 etiam
1309 3629 1658 3682 correctio.

1113 3774 1200 3884 ς.
1247 3795 1393 3867 628.

951 3897 1208 4015 Officia
1245 3927 1547 3996 militum
1564 3954 1590 4002 ς

429 4082 580 4174 Qui
623 4083 931 4158 militiae
976 4086 1331 4186 adscripti
1375 4101 1585 4176 sunt,
1639 4082 1783 4159 sibi
1820 4063 2023 4181 plus‘,
2080 4105 2302 4179 quam

213 4179 428 4282 aliis,
469 4188 700 4266 licere
739 4190 941 4267 haud
983 4191 1450 4286 existiment,
1499 4197 1638 4264 nec
1672 4205 1981 4291 peccata
2014 4213 2055 4260 a
2098 4185 2305 4260 com-
