2846 4770
401 374 473 436 0.
511 375 647 449 ΙΙΙ,
691 354 801 436 De
830 352 1311 461 pectinat-ibus
1347 384 1776 445 eruditorum
1811 382 2091 485 officiis.
2193 385 2312 472 169
2412 400 2423 407 ·

221 553 366 628 bus
406 549 908 626 eruditionem
947 549 1132 625 falso
1174 550 1728 650 affectantibus,
1785 557 2043 630 astutis
2065 614 2090 651 ,
2143 582 2305 631 ver·

222 659 458 751 sutis,
512 655 988 756 irreligiosis,
1045 671 1167 728 aut
1207 656 1341 729 sub
1384 683 1572 732 vana
1613 660 2018 760 sapientiae
2056 664 2307 762 specie

224 764 414 835 alios
455 761 986 833 seducentibus
1021 759 1656 861 illudentibusque
1699 764 2123 840 discernere
2161 766 2311 839 dis-

224 882 405 940 cant
426 892 451 959 3
522 871 600 956 2)
658 880 738 937 ut
795 891 835 936 a
906 865 1857 967 pseudophilosophorum,
1932 868 2305 943 fallacium

220 971 803 1043 reformatorum
846 968 1530 1070 illustratorumque
1568 973 2070 1073 sophismatis,
2105 973 2312 1046 tech-
2346 1050 2350 1057 ,

226 1075 347 1146 nis
404 1074 741 1171 dolisque
804 1086 878 1145 et
928 1072 1369 1173 periculosis
1425 1078 1607 1148 varii
1660 1079 1950 1177 generis
2009 1079 2305 1177 scriptis

228 1178 376 1252 sibi
398 1193 747 1272 caveant3
788 1194 1043 1250 contra
1069 1177 1147 1274 3)
1172 1178 1524 1252 eruditos
1545 1195 1764 1279 atque
1805 1207 1977 1254 vere
2017 1183 2310 1281 sapien-

227 1301 343 1356 tes
400 1283 728 1353 maximo
800 1281 878 1351 in
930 1281 1219 1355 honore
1287 1282 1611 1357 habeant
1666 1288 1811 1380 44);
1886 1312 2145 1359 eorum
2200 1285 2311 1356 in-

232 1387 603 1468 defessam
656 1383 1170 1479 sedulitatem,
1242 1387 1468 1460 animi
1522 1390 2084 1463 contentionem
2137 1415 2313 1462 con-

228 1492 725 1587 stantiamque
764 1489 905 1560 rite
952 1490 1383 1580 aestiment,
1438 1508 1665 1590 utque
1708 1494 2077 1593 insigneS,
2131 1517 2311 1590 quas

227 1597 531 1693 utrique
571 1592 1025 1692 reipublicae
1051 1609 1453 1695 praestant,
1496 1613 1622 1669 aut
1656 1614 1856 1669 certe
1896 1599 2158 1668 afferre
2186 1621 2312 1668 co-

231 1716 555 1790 nantur,
620 1695 975 1770 utilitates
1031 1713 1236 1798 grato
1315 1700 1567 1773 animo
1621 1716 2071 1800 agnoscant3
2139 1724 2315 1799 pro-

237 1803 418 1876 inde
463 1828 719 1875 eorum
754 1800 998 1874 studia
1038 1798 1498 1899 consiliaque
1533 1803 1778 1877 modis
1814 1802 2159 1877 omnibus
2197 1829 2314 1875 su-

233 1924 562 1996 stentare
604 1922 973 2006 satagant3
1026 1905 1105 2001 4)
1145 1905 1489 2005 inprimis
1546 1915 1614 1994 a)
1671 1909 2085 2008 sapientum
2143 1933 2317 2006 pru-

232 2013 694 2109 dentumque
731 2011 1056 2104 monita,
1100 2009 1454 2104 consilia,
1487 2010 2015 2086 instructiones
2056 2010 2316 2083 luben-

232 2133 351 2190 ter
412 2117 778 2213 avideque
835 2131 911 2188 et
967 2115 1397 2187 reverenter
1458 2115 1916 2212 auscultent3
1990 2115 2075 2211 b)
2141 2116 2321 2188 scri-

228 2237 363 2327 pta
418 2246 681 2294 eorum
736 2216 1078 2292 salutaria
1117 2218 1448 2300 studiose
1505 2237 1579 2293 et
1630 2247 1798 2297 cum
1845 2221 2036 2311 seria
2090 2219 2315 2320 profi-

234 2326 492 2402 ciendi
566 2324 981 2399 intentione
1057 2317 1689 2425 contentioneque
1758 2323 2187 2428 perlegant3
2244 2329 2310 2414 c)

237 2457 500 2505 eorum
547 2422 1011 2503 documentis
1048 2430 1555 2527 monitisque,
1607 2433 1672 2505 si
1719 2432 2039 2519 rationi,
2096 2433 2349 2501 evan--

236 2534 437 2632 gelio
474 2559 559 2607 ac
588 2533 1031 2607 christianae
1062 2533 1502 2632 prudentiae
1529 2536 2071 2609 consentientia
2097 2530 2316 2604 intel-

234 2637 610 2731 lexerint,
677 2638 1085 2738 prudenter
1154 2638 1501 2729 credant,
1582 2655 1656 2712 et
1707 2640 1900 2711 facta
1955 2660 2347 2734 sensaque.

238 2771 368 2817 sua
443 2743 909 2818 conformare
977 2740 1358 2836 studeant3
1432 2756 1752 2815 attamen
1806 2741 1884 2837 5)
1957 2758 2045 2813 ut·
2090 2769 2184 2812 ne
2238 2741 2315 2810 in

238 2864 455 2920 tanta
542 2864 1077 2922 venenatorum
1164 2844 1525 2934 librorum
1624 2843 2322 2942 colloquiorumque

234 2950 728 3026 multitudine
818 2978 954 3052 per
1042 2948 1581 3023 malesanorum
1659 2947 2323 3037 consuetudinem,

239 3059 520 3157 scripta
577 3054 960 3154 librosque
1033 3054 1332 3153 decepti
1371 3068 1537 3142 aut
1587 3066 1880 3152 tempus
1956 3049 2319 3123 inutiliter

237 3161 601 3265 perdant,
656 3177 778 3232 aut
815 3162 1037 3233 etiam
1083 3156 1598 3259 imprudentes
1635 3182 1910 3236 ⁴eorum
1947 3152 2321 3258 periculo-

239 3268 381 3360 sia,
438 3263 684 3358 falsis,
736 3266 984 3366 impiis
1026 3263 1389 3337 doctrinis
1437 3278 1511 3336 et
1550 3261 1942 3364 principiis
1991 3274 2323 3338 mentem

244 3371 725 3468 animumque
790 3382 1315 3468 corrumpant,
1390 3393 1548 3440 non
1621 3367 1916 3467 ignotos
1988 3388 2322 3463 quosque

244 3473 645 3568 obviosve,
720 3474 857 3546 etsi
912 3472 1252 3573 specioso
1323 3472 1600 3571 pioque
1658 3472 1880 3543 etiam
1933 3468 2158 3544 titulo
2212 3467 2324 3536 in-

245 3574 895 3679 signit'oS,‚libros
970 3576 1365 3676 arripiant,
1439 3599 1581 3646 nec
1635 3574 2112 3673 quorumvis,
2186 3567 2327 3641 etsi

248 3684 581 3755 eruditos
621 3708 699 3754 se
733 3682 1115 3782 jactitent,
1151 3678 1386 3752 'effata
1422 3704 1563 3777 pro
1604 3678 1922 3762 oraculis
1960 3673 2323 3747 habeantt

248 3786 381 3859 sed
425 3786 565 3880 hac
600 3787 676 3857 in
719 3813 836 3877 re,
890 3788 951 3857 si
997 3811 1142 3883 qua
1178 3781 1341 3871 alia,
1377 3781 1824 3883 prudentum
1853 3782 2325 3882 piorumque,

247 3890 686 3990 praesertim
749 3906 1132 3989 pastorum
1176 3888 1393 3961 etiam
1435 3886 1745 3960 consilia
1800 3885 2191 3981 exquirere
2248 3894 2325 3956 et.

250 3997 457 4092 sequi
516 4020 894 4091 nunquam
939 3992 1320 4094 negligant
1343 4001 1373 4079 31
1422 3989 1764 4090 inprimis
1805 3990 1885 4078 6)
1934 4001 2093 4063 tum
2137 3988 2343 4063 scri*-

331 4209 447 4278 44)
494 4203 675 4278 Eccl.
709 4203 943 4267 xxvl.
981 4200 1085 4272 25.
1126 4155 1224 4283 sq.
1255 4197 1266 4206 ’

773 4499 814 4524 ,ο
