2846 4770
207 329 280 392 G.
310 329 389 391 V.
413 323 584 389 Art.
610 321 655 386 Ι
661 326 739 389 V.
768 321 994 407 obtig.
1019 319 1351 405 reliquor.
1372 324 1447 386 in
1470 324 1660 388 civit.
1690 318 2165 388 membrorum.
2202 339 2290 410 79

207 497 673 601 quarundam
702 493 1060 594 singulari
1095 496 1479 569 mentione
1498 494 1905 597 ‘dignarum
1933 514 2290 595 persona·

205 632 391 697 rum,
418 608 484 694 ι)
507 601 870 674 nimirum
896 599 1336 673 docentium
1355 600 1963 701 discendumque
1977 626 2004 689 ‚⁰
2035 600 2118 690 2)
2140 624 2290 671 me-

205 710 586 796 dicorum,
623 704 1205 802 chit-argorum,
1240 704 2066 803 phar·macopolat·um;
2108 703 2290 776 item

204 818 280 904 ὅ)
302 822 856 899 mercatorum,
879 833 1315 905 cauponum
1325 836 1350 897 ,·
1389 815 1470 896 4)
1491 810 1867 906 opificum,
1893 810 2290 903 operario-

205 942 388 989 rum
406 912 1119 1009 5)et1·uricolarum
1136 910 1468 985 breviter
1489 938 1743 1013 agere3
1769 927 2023 1009 utpote
2045 936 2084 981 a
2107 936 2291 1009 quo·

210 1046 381 1094 rum
410 1017 826 1091 officiorum
852 1031 1052 1090 recta
1086 1018 1523 1089 executione
1557 1016 1901 1118 inprimis
1937 1013 2006 1111 a)
2043 1015 2289 1117 perfe-

206 1124 372 1198 ctio
408 1121 732 1213 animae3
784 1117 872 1215 b)
916 1120 1254 1221 corporis
1294 1118 1532 1214 salus;
1591 1138 1664 1193 et
1711 1128 1787 1212 c)
1834 1119 2290 1218 prosperitas

213 1224 860 1323 commoditasque
895 1224 1166 1306 civium
1208 1250 1427 1323 quam
1465 1225 1786 1309 maxime
1820 1224 2133 1323 pendet..

1115 1410 1175 1500 §.
1224 1414 1367 1481 631.

258 1543 324 1626 ι)
374 1541 629 1628 Officia
657 1537 720 1625 a)
760 1546 1256 1627 magistrorum
1291 1545 1820 1628 docentiumque
1846 1550 2248 1629 generatim.

439 1701 791 1799 Magistri
808 1705 1334 1795 scientiarum,
1373 1703 1680 1800 quinon
1708 1704 1848 1779 nisi
1878 1703 2142 1803 optimi
2172 1728 2298 1801 ap·

225 1805 653 1900 tissimique
688 1803 1046 1903 eligendi,
1086 1805 1495 1880 liberaliter
1529 1807 1933 1900 tractandi,
1979 1831 2065 1879 ac
2102 1832 2299 1904 mag·

222 1909 312 1983 ni
369 1909 804 2005 aestimandi
858 1927 1029 1983 sunt
1070 1913 1188 2005 ²¹²),
1259 1913 1663 2010 generatim
1718 1937 1975 1983 omnes
2026 1917 2096 2002 1)
2140 1935 2300 1980 mu-

221 2022 370 2088 nus
405 2037 659 2102 suum,
695 2029 778 2086 ut
811 2015 1009 2111 quod
1045 2020 1319 2088 summi
1355 2039 1529 2090 sane
1567 2021 1927 2087 momenti
1955 2033 2106 2103 est,
2149 2039 2305 2085 ma-

225 2118 414 2215 zimi
466 2117 782 2211 faciant3
837 2141 1073 2216 eoque
1127 2145 1345 2219 quam
1400 2118 1942 2218 perfectissime
2000 2117 2304 2217 perfun-

224 2220 454 2320 g'endi
500 2219 797 2292 firmum
841 2224 1309 2322 propositum
1354 2221 1719 2315 habeant,
1790 2221 2053 2319 illique
2093 2220 2305 2292 inde-

226 2327 502 2399 fessum
543 2325 871 2398 studium
914 2343 1339 2401 constanter
1381 2326 1850 2426 impendant.
1927 2326 2131 2410 2)·In
2172 2325 2306 2414 iis,

227 2432 314 2502 in
358 2426 630 2526 quibus
679 2428 860 2500 alios
904 2431 1267 2506 instruere
1313 2431 1629 2526 debent,
1697 2431 1843 2531 ipsi
1885 2431 2035 2503 sint
2075 2430 2307 2530 inpri-

230 2533 381 2604 mis
423 2535 697 2627 optime
724 2538 983 2627 periti,
1029 2552 1248 2634 atque
1275 2537 1497 2607 etiam
1524 2535 1766 2608 indies
1789 2535 2018 2635 magis
2044 2535 2308 2634 magis·

236 2647 386 2735 que
429 2659 512 2706 se
538 2635 919 2731 perficere
955 2635 1323 2712 laborent.
1371 2636 1746 2730 Quoniam
1780 2665 1959 2711 vero
1996 2638 2311 2710 scientia

228 2768 276 2826 a
322 2739 595 2811 virtute
634 2757 969 2839 separata
1009 2742 1260 2834 inflat,
1312 2742 1640 2816 charitas
1679 2758 1926 2815 autem
1967 2739 2313 2816 aedificat

231 2848 427 2933 πυτ·
487 2844 571 2933 3)
616 2842 931 2918 solidam
973 2849 1347 2942 pietatem
1389 2861 1797 2945 castosque
1843 2867 2095 2916 mores
2141 2868 2314 2916 cum

235 2946 572 3020 scientiis
615 2950 1105 3047 conjungant,
1159 2963 1242 3020 ut
1279 2969 1451 3019 suos
1500 2963 1658 3018 tum
1700 2945 1943 3017 verbis
1990 2955 2146 3015 tum
2191 2969 2315 3013 ex-

237 3048 511 3149 emplis
556 3052 777 3123 etiam
822 3053 1229 3145 instruere,
1284 3046 1608 3150 vereque
1649 3048 1914 3120 iisdem
1956 3044 2315 3148 prodesse

235 3152 559 3231 valeant.
612 3154 835 3227 Unde
881 3163 954 3247 4)
998 3158 1398 3257 praecipuo
1439 3180 1633 3253 erga
1667 3153 1918 3225 Deum
1951 3151 2320 3253 aliosque,

247 3256 659 3357 discipulos
714 3263 1196 3359 praesertim,
1249 3285 1517 3332 amor-e
1560 3258 1843 3349 ornati,
1893 3282 2067 3334 non
2119 3281 2320 3329 com-

244 3360 471 3434 moda
525 3389 846 3444 suanec
899 3364 1282 3464 propriam
1338 3362 1689 3463 gloriam,
1753 3360 1885 3433 sed
1941 3358 2322 3461 publicam

238 3464 565 3538 salutem
619 3482 694 3537 et
739 3493 989 3540 veram
1034 3489 1551 3564 summamque
1596 3462 2137 3564 discipulorum
2181 3464 2325 3535 uti-

243 3566 536 3644 litatem
593 3595 731 3668 pro
800 3597 1025 3672 scopo
1093 3570 1240 3644 sibi
1293 3571 1738 3670 praefigant,
1809 3566 2322 3661 moralemque

243 3698 513 3745 eorum
586 3673 1167 3772 perfectionem,
1240 3699 1668 3772 supremum
1731 3667 2190 3745 educationis
2244 3667 2325 3738 fi-

245 3803 464 3869 nem,
515 3801 818 3875 semper
873 3805 1053 3878 prae
1109 3776 1346 3850 oculis
1392 3777 1710 3849 habeant
1764 3793 1838 3848 et
1891 3773 2148 3871 quavis
2203 3794 2329 3844 00-

252 3881 565 3955 casione
601 3905 1048 3980 promovere
1094 3881 1464 3959 studeant.
1518 3882 1600 3973 5)
1638 3881 1792 3953 Illa
1822 3876 2100 3971 solum,
2142 3900 2330 3973 quae

335 4146 487 4234 107)
535 4147 588 4211 1.
626 4147 778 4213 Cor.
815 4122 988 4216 vm.
1035 4169 1089 4213 ι.
