2846 4770
486 429 613 502 ²9⁶
636 413 743 477 De
758 411 1002 474 christ.
1022 411 1272 469 virtut.
1290 406 1873 489 perfectionisque
1892 403 2254 466 subsidiis.
2276 398 2461 463 δατ.
2479 400 2572 462 -ῙΙ,

660 581 978 670 pessime,
1022 575 1090 661 6)
1119 576 1228 661 qui
1252 578 1803 662 satisfactionem
1827 575 2061 655 quoad
2085 585 2327 656 partes
2351 591 2581 634 essen·

665 669 876 733 tiales
909 678 981 728 et
1010 663 1415 727 necessarias
1450 682 1572 745 per
1602 659 2039 744 indulgentias
2073 657 2585 741 supplet-ipone

665 752 1053 840 putaverint.
1124 755 1187 835 7)
1236 753 1479 811 Errant
1521 748 1716 821 item,
1780 747 1891 830 qui
1937 761 2168 808 statum
2218 744 2465 826 gratiae
2515 755 2586 803 et

668 841 1123 906 executionem
1157 836 1404 919 »operis
1460 835 1733 913 injuncti
1793 833 1872 895 ad
1931 834 2193 916 plenum
2241 829 2592 912 indulgen-

666 929 793 991 tiae
854 927 1139 991 fructum
1199 920 1694 1006 percipiendum
1757 920 1880 1001 jam
1943 917 2255 980 sufficere
2316 928 2581 999 putantt

668 1017 920 1095 dignos
956 1012 1126 1074 enim
1163 1008 1604 1092 poenitentiae
1645 1005 1897 1069 fructus
1934 1021 2125 1089 atque
2176 1024 2298 1087 pro
2340 1001 2589 1066 viribus

672 1096 1109 1175 satisfaciendi
1154 1112 1222 1159 et
1266 1097 1675 1178 propositum
1721 1107 1790 1154 et
1835 1107 2131 1157 conatum
2180 1110 2444 1171 semper
2490 1109 2594 1148 re·

632 1184 932 1270 .quisivit
976 1183 1294 1259 ecclesia3
1353 1203 1518 1264 quae
1565 1182 1788 1263 utique
1835 1195 1961 1262 pent·
2003 1177 2451 1260 indulgentias
2499 1173 2621 1234 fo·.

553 1308 562 1317 ·
669 1291 830 1336 vere
889 1285 1262 1352 torporem,
1325 1267 1831 1350 negligentiam,
1896 1263 2307 1328 securitatem
2366 1259 2597 1345 poeni-

673 1357 946 1421 tentium
984 1376 1389 1441 nequaquam
1426 1352 1659 1418 voluit.

1425 1545 1482 1624 §-
1532 1537 1675 1627 757·
1716 1624 1719 1627 .
1806 1512 1813 1525 ⁸

663 1667 1038 1747 Cauliana&
1075 1687 1322 1743 eontra
1357 1674 1697 1753 quaedam
1735 1675 1921 1733 circa
1953 1671 2454 1753 poenitentiam

1316 1759 1779 1841 praejudicia.
2448 1788 2457 1789 ff

716 1932 888 2003 Non
966 1928 1280 2019 desunt,
1375 1951 1694 2022 quorum
1789 1950 1879 1997 ex
1959 1924 2224 2023 agendi
2307 1926 2602 1998 ratione

475 2044 478 2047 ‘
513 2033 714 2107 haud
740 2031 1055 2106 obscure
1081 2030 1483 2128 colligitur,
1520 2033 1906 2126 perversis
1929 2055 2054 2100 eos
2087 2034 2300 2100 circa
2328 2055 2601 2102 sacra·

517 2152 851 2211 mentum
889 2139 1420 2233 poenitentiae
1459 2133 1973 2234 praejudiciis
2016 2133 2291 2222 teneri,
2372 2160 2607 2230 quac,

517 2240 967 2316 christianae
1008 2240 1269 2337 pietati
1310 2238 1714 2309 admodum
1754 2234 2166 2337 periculosa
2209 2252 2281 2309 et
2318 2239 2604 2337 oppido

519 2346 856 2436 exitiosa,
885 2359 1091 2416 caute
1117 2339 1479 2414 declinari
1506 2340 1815 2413 debent:
1859 2339 2239 2440 exquibus
2265 2359 2639 2442 propter--

518 2475 601 2521 ea
660 2439 1058 2546 praecipua
1129 2443 1491 2542 quaedam
1565 2443 1733 2517 heic
1787 2445 2122 2520 recolere
2169 2464 2292 2519 aut
2346 2474 2605 2519 recen-

517 2577 680 2624 sere
738 2548 939 2619 haud
992 2551 1217 2625 fuerit
1285 2550 1905 2649 inopportunum.
1986 2548 2192 2621 Talia
2249 2553 2604 2623 nimirum

521 2670 692 2728 sunt
735 2653 1037 2743 eorum,
1096 2658 1164 2742 1)
1218 2655 1344 2749 qui
1402 2663 1538 2751 per
1592 2656 2038 2726 sacramenti
2093 2656 2604 2752 poenitentiae

519 2753 1112 2856 institutionem,
1190 2775 1313 2829 aut
1380 2760 1539 2854 ejus
1603 2754 2198 2855 qualemcunque
2268 2784 2480 2831 usum
2539 2764 2602 2849 a)

417 2951 424 2954 ‚7
522 2862 613 2936 ab
651 2859 1169 2938 essentialibus,
1205 2887 1421 2940 verae
1459 2864 1968 2959 poenitentiae
2005 2859 2291 2933 actibus
2316 2861 2428 2962 (ἕ.
2466 2884 2603 2937 122

437 2991 440 2994 ·
521 2966 891 3057 -125.),
950 2974 992 3038 a
1044 2963 1417 3038 laboriosa
1473 2965 1703 3064 totius
1759 2980 1987 3038 status
2042 2963 2318 3064 prioris
2373 2968 2606 3040 refor-

521 3071 895 3161 matione,
967 3084 1041 3141 et
1082 3094 1121 3139 a
1178 3069 1402 3166 digna
1454 3094 1594 3168 pro
1649 3069 1973 3169 peccatis
2030 3072 2450 3169 praeteritis
2501 3097 2607 3144 sa-

524 3173 947 3245 tisfactione
997 3176 1289 3267 partim
1331 3168 1592 3245 saltem
1649 3199 1726 3260 se
1774 3175 2110 3246 exemtos
2167 3167 2463 3274 putarit;
2539 3189 2610 3245 et

524 3275 600 3365 b)
638 3273 781 3373 jam
824 3276 1295 3347 commodius
1328 3275 1601 3365 mult05
1650 3284 1720 3367 c)
1762 3303 2207 3375 quocunque
2245 3276 2613 3378 placuerit

445 3387 450 3390 ’
497 3394 916 3474 ’τειηρρνες
966 3379 1039 3468 d)
1065 3380 1281 3452 ⁴intra
1322 3378 1837 3477 brevissimum
1878 3386 2242 3476 temporis
2275 3387 2611 3480 spatium

528 3481 1302 3580 totumpoenitentiae
1326 3483 1703 3582 negotium
1732 3511 1808 3556 se
1831 3482 2219 3558 absolvere
2244 3503 2315 3558 et
2337 3486 2610 3586 gratiae

529 3582 831 3659 divinae
855 3600 1351 3688 aeternaeque
1375 3583 1628 3660 salutis
1653 3614 1989 3688 capaceS,
2010 3586 2436 3688 participes,
2462 3592 2609 3660 imo
2680 3639 2685 3644 -

530 3689 764 3782 veluti
820 3715 1122 3790 securos
1178 3717 1256 3762 se
1310 3691 1631 3794 reddere
1699 3685 1919 3793 posse
1975 3694 2414 3794 opinantur,
2491 3706 2611 3764 aut

532 3793 793 3867 saltem
839 3793 1061 3886 ³factis
1105 3795 1280 3879 ‚suis
1351 3796 1849 3892 perniciosam
1918 3794 2116 3870 hanc
2170 3797 2608 3894 opinionem

534 3896 916 3987 declarare
960 3896 1313 3971 videntur
1335 3901 1447 3992 *);
1490 3926 1821 3993 aeorum,
1877 3906 1956 3989 2)
2001 3903 2165 3998 qui,
2221 3898 2399 3972 licet
2438 3924 2614 3999 poe-

534 4002 895 4074 nitentiae
933 4001 1260 4077 officium
1295 4002 1373 4074 in
1413 4000 1716 4104 longum
1763 4004 2190 4077 differentes
2230 4006 2613 4086 conscien-

473 4185 483 4195 ,
536 4104 711 4188 tiae,
754 4108 1095 4178 examina
1163 4106 1591 4205 quotidiana
1664 4107 2069 4208 negligant·
2103 4125 2227 4181 aut
2264 4101 2420 4180 vix
2489 4134 2613 4178 un·

539 4230 809 4332 fluam,
859 4210 1006 4282 nisi
1045 4211 1223 4283 dum
1273 4212 1606 4286 confiteri
1651 4229 1957 4312 parant,
2029 4227 2256 4298 status
2299 4213 2414 4286 sui
2458 4235 2612 4285 mo-
