2846 4770
216 377 291 443 0.
317 377 436 447 VI.
463 375 627 442 Art.
650 372 788 439 111.
804 375 915 442 De
935 383 1272 462 quor-und.
1298 380 1528 450 cleric.
1552 382 2117 467 obligationibus.
2167 402 2193 444 ι
2210 404 2285 467 ¹7

384 567 724 626 canonem,
765 550 1135 619 canonieus
1165 555 1567 631 dicebantur,
1602 572 1877 616 numero
1905 553 2163 616 senario
2188 574 2286 617 se·

377 636 519 699 rius
561 638 886 720 adjectum
923 654 1037 703 est
1086 642 1606 726 completorium
1631 686 1652 720 ,
1698 640 2133 704 verosimilius
2165 662 2200 702 a
2238 659 2290 704 s.

379 724 748 787 Benedicto
805 725 1079 807 primum
1136 729 1486 791 inductum.
1565 727 1699 821 Qui
1756 727 2061 790 horarum
2117 725 2291 802 diur-

263 826 274 837 ·
380 831 611 873 narum
656 831 960 874 numerus
994 819 1422 897 septenarius
1457 829 1723 898 praeter
1754 811 2291 896 nocturnasvigi·

378 895 506 958 lias
547 897 717 960 forte
759 898 911 961 ideo
961 900 1150 962 etiam
1199 899 1363 963 fixus
1401 916 1538 975 est,
1581 914 1654 963 ut
1705 897 1932 962 clerici
1965 898 2290 961 monacbi-

379 1003 510 1066 que
561 983 926 1067 psalmistae
982 1008 1228 1050 morem
1265 986 1708 1060 imitarentur,
1756 985 1867 1069 qui
1911 986 1993 1050 de
2041 1006 2110 1049 se
2144 985 2290 1067 ipso

372 1083 653 1133 testatur
694 1070 872 1149 ²51):
917 1075 1157 1136 Media
1198 1088 1392 1136 nocte
1435 1075 1801 1158 surgebam
1839 1075 1931 1135 ad
1968 1066 2284 1152 corficen-

381 1161 547 1221 dum
571 1161 697 1222 tibi
713 1187 737 1233 ,-
773 1171 841 1220 ct
869 1163 1125 1242 septies
1148 1164 1218 1222 in
1245 1162 1355 1222 die
1384 1160 1660 1224 laudem
1696 1161 1852 1222 dixi
1882 1161 2032 1228 tibi.
2071 1157 2137 1242 3)
2166 1154 2287 1217 Ce⁴

373 1257 594 1306 terum
656 1243 915 1307 laudato
980 1245 1505 1308 constitutionum
1572 1244 2075 1330 apostolicarum
2134 1243 2285 1304 loco

371 1328 648 1407 fideles,
712 1330 822 1415 qui
865 1331 1427 1415 impediebantur,
1489 1355 1618 1417 quo
1676 1333 1886 1393 minus
1947 1331 2029 1393 ad
2073 1328 2285 1393 eccle-

374 1418 537 1478 siam
581 1433 847 1501 possent
903 1419 1287 1493 convenire,
1355 1419 1818 1489 admonentur,
1877 1433 1949 1480 ut
2007 1437 2089 1479 eo
2151 1415 2288 1498 pie-

372 1503 526 1566 tatis
574 1504 799 1567 officio
843 1506 1107 1587 privatis
1150 1505 1217 1565 in
1260 1503 1555 1572 domibus
1600 1506 1707 1569 vel
1756 1504 1921 1581 soli,
1984 1502 2096 1568 vel
2140 1523 2286 1564 cum

379 1591 575 1651 sociis
618 1591 998 1675 quibusdam
1055 1591 1552 1674 perfungantur.
1617 1592 1798 1685 Quae
1859 1605 2075 1652 tamen
2118 1587 2287 1670 psal-

379 1678 631 1740 modiae
675 1678 1117 1752 consuetudo,
1163 1678 1287 1739 etsi
1323 1699 1358 1738 a
1400 1679 1523 1758 piis
1561 1678 1969 1760 frequentata
1997 1718 2014 1747 ‚
2058 1672 2138 1734 ad
2173 1694 2285 1754 pu·
2372 1680 2373 1683 ’

354 1762 581 1825 .blicas
602 1764 924 1828 ecclesiae
944 1765 1151 1849 leges,
1187 1783 1350 1848 quae
1374 1764 1920 1847 laicosligarent‚
1953 1759 2121 1821 haud
2141 1779 2290 1840 per-

374 1850 638 1914 tinuisse
690 1850 967 1915 videtur.
1027 1852 1113 1912 At
1164 1862 1325 1914 vero
1361 1852 1426 1934 4)
1484 1852 1726 1913 clerici
1772 1847 2010 1930 passim
2062 1865 2285 1908 omnes

372 1936 793 2021 monachique
849 1953 982 2000 tum
1032 1958 1150 2022 per
1198 1936 1771 2009 consuetudinem,
1836 1949 1969 1995 tum
2027 1953 2149 2015 per
2190 1931 2288 1993 le-

371 2043 489 2106 ges
523 2023 999 2087 ecclesiasticas
1028 2024 1495 2086 monasticasve
1527 2023 1607 2085 ad
1642 2020 2014 2085 recitandas
2037 2019 2311 2102 aliquas.

333 2109 567 2171 ‘horas
628 2112 967 2173 canonicas
1032 2110 1500 2193 obligabantur.
1569 2112 1662 2170 Ita
1724 2107 2069 2170 concilium
2132 2104 2283 2165 Car-

370 2196 750 2280 thaginense
805 2219 935 2262 sec.
1001 2199 1108 2262 [V.
1165 2197 1477 2261 clericum
1528 2190 1803 2280 vigilias⁴
1840 2191 2282 2276 negligentem

373 2283 733 2366 generatim
771 2284 1144 2367 stipendiis:
1192 2285 1477 2366 synodus
1514 2285 1768 2349 Veneta
1807 2300 1936 2343 sec.
1969 2281 2048 2345 V.
2084 2298 2121 2340 a
2152 2299 2277 2338 ma·

374 2369 600 2431 tutinis
628 2371 957 2434 absentem
993 2383 1242 2453 septem
1276 2370 1505 2433 diebus
1542 2392 1577 2431 a
1606 2368 2074 2453 stipendiorum
2104 2384 2280 2427 com·

368 2459 674 2519 munione
738 2458 1024 2521 excludit
1074 2457 1223 2542 ¹5⁵²).
1289 2457 1782 2520 Ecclesiasticas
1843 2456 2028 2539 leges
2083 2451 2282 2514 Justi-

369 2546 561 2604 niaria
602 2544 735 2622 ¹⁵3)
781 2544 1133 2608 confirmat.
1199 2545 1266 2628 5)
1311 2544 1681 2626 Posteriori
1725 2549 1896 2606 'aevo
1939 2541 2125 2623 plura
2167 2539 2282 2602 be·

367 2628 601 2692 neficia
641 2633 721 2693 ad
773 2632 902 2694 Dei
953 2632 1176 2693 laudes
1220 2631 1479 2712 publice
1523 2628 1995 2700 concinendas,
2040 2640 2149 2688 aut
2191 2625 2274 2688 ad

370 2714 663 2779 officium
702 2718 1078 2781 canonicum
1128 2717 1432 2799 privatim
1478 2717 1706 2777 saltem
1754 2714 2100 2775 dicendum
2132 2710 2276 2772 fun·
2324 2722 2337 2748 ³

371 2801 537 2867 data.
620 2805 920 2867 Ceterum
960 2803 1028 2877 6)
1082 2805 1498 2865 breviarium
1536 2802 1602 2861 in
1643 2822 1819 2873 eam,
1866 2819 2053 2882 quam
2100 2817 2275 2860 nunc

365 2889 599 2968 habet,
658 2890 931 2952 formam
991 2888 1230 2950 sensim
1271 2886 1643 2962 redactum3
1702 2906 1845 2946 nam
1893 2890 1953 2963 a)
2007 2897 2274 2965 rogatus

364 2997 401 3037 a
438 2979 717 3038 Damaso
762 2999 809 3041 s.
846 2978 1285 3055 Hieronymus
1329 2973 1709 3053 psalterium
1756 2968 2159 3039 emendavit,
2203 2981 2272 3029 et

361 3064 758 3143 psalmodiae
793 3063 1051 3123 modum
1096 3082 1177 3123 ex
1225 3079 1462 3144 graeca
1497 3058 1564 3118 in
1613 3058 1871 3119 latinam
1928 3054 2270 3116 ecclesiam

364 3149 650 3225 invexit3
700 3152 872 3231 quod
909 3151 1217 3209 Damasus
1270 3146 1551 3229 probans
1593 3146 1660 3205 in
1706 3141 1835 3205 fine
1886 3140 2115 3226 psalmi
2162 3160 2273 3201 cu-

364 3235 607 3317 jusvis:
657 3236 906 3299 Gloria
960 3224 1161 3297 Patn‘
1203 3245 1327 3294 ete.
1382 3232 1571 3315 adjici
1620 3230 1981 3306 mendavia
2028 3228 2094 3312 b)
2147 3226 2274 3290 Ge-

363 3321 564 3383 lasius
614 3323 786 3407 Papa
830 3322 908 3384 A.
948 3329 1092 3408 491.
1143 3319 1209 3379 in
1245 3319 1490 3399 synodo
1524 3339 1785 3381 romana
1828 3313 2146 3378 lectiones
2187 3335 2271 3377 ex

364 3421 645 3491 utroque
678 3421 1062 3471 testamento
1094 3405 1163 3466 in
1183 3405 1379 3466 ,horis
1414 3404 1739 3467 canonicis
1773 3402 2086 3487 legendas
2119 3419 2272 3464 con-

287 3511 292 3514 ’
366 3493 648 3560 firmavit
694 3493 872 3579 154),Α
914 3491 1215 3580 Pelagius
1279 3490 1355 3555 A.
1414 3491 1558 3557 555.
1624 3489 1803 3556 varie
1864 3488 2268 3560 emendavit,

282 3848 431 3930 151)
477 3849 648 3915 Psal.
688 3848 973 3914 CXVIII.
1015 3846 1119 3913 52.
1158 3861 1225 3911 et
1274 3846 1414 3921 164.
1451 3845 1536 3917 cs,
1575 3846 1657 3909 de
1695 3845 1999 3909 celebrat.
2047 3842 2260 3905 missa·

366 3953 513 3996 rum
549 3955 605 3996 c.
652 3959 705 3999 1.
740 3936 1105 4018 presbyter.

283 4020 431 4101 152)
479 4023 729 4103 Nempe
766 4044 913 4084 ann.
944 4016 1091 4107 598.
1132 4040 1268 4085 can.
1308 4029 1410 4120 49.
1451 4033 1519 4082 et
1555 4040 1699 4082 ann.
1735 4014 1881 4091 465.
1915 4032 2050 4079 can.
2102 4025 2198 4090 14.-

282 4107 441 4187 155)
490 4108 737 4180 codd.
771 4118 890 4182 42..
917 4107 976 4183 ᾗ.
1026 4130 1114 4174 ιο.
1146 4107 1226 4170 de
1270 4126 1557 4188 episcop.
1603 4118 1668 4167 et
1704 4100 1983 4165 clericis.

282 4194 430 4282 254)
478 4193 628 4264 Vid.
664 4194 831 4283 apud
866 4191 1241 4278 Gratianum
1272 4190 1549 4272 distinct.
1584 4192 1729 4260 XV.
1765 4211 1820 4260 c.
1854 4187 1913 4255 ὅ.
1952 4188 2225 4253 Sancta.
