<?xml version="1.0" encoding="UTF-8"?>
<!DOCTYPE html PUBLIC "-//W3C//DTD XHTML 1.0 Transitional//EN"
    "http://www.w3.org/TR/xhtml1/DTD/xhtml1-transitional.dtd">
<html xmlns="http://www.w3.org/1999/xhtml" xml:lang="en" lang="en">
 <head>
  <title>
</title>
<meta http-equiv="Content-Type" content="text/html;charset=utf-8" />
  <meta name='ocr-system' content='tesseract 3.04.00' />
  <meta name='ocr-capabilities' content='ocr_page ocr_carea ocr_par ocr_line ocrx_word'/>
</head>
<body>
  <div class='ocr_page' id='page_1' title='image "./ethicachristian00schegoog/ethicachristian00schegoog_0282.png"; bbox 0 0 2846 4770; ppageno 0'>
   <div class='ocr_carea' id='block_1_1' title="bbox 509 352 2613 448">
    <p class='ocr_par' dir='ltr' id='par_1_1' title="bbox 509 352 2613 448">
     <span class='ocr_line' id='line_1_1' title="bbox 509 352 2613 448; baseline 0.001 -26"><span class='ocrx_word' id='word_1_1' title='bbox 509 355 637 430; x_wconf 81' lang='lat'>266</span> <span class='ocrx_word' id='word_1_2' title='bbox 658 358 765 422; x_wconf 80' lang='lat' dir='ltr'>De</span> <span class='ocrx_word' id='word_1_3' title='bbox 781 358 1023 422; x_wconf 73' lang='lat' dir='ltr'>christ.</span> <span class='ocrx_word' id='word_1_4' title='bbox 1045 361 1292 428; x_wconf 79' lang='lat' dir='ltr'>virtut.=</span> <span class='ocrx_word' id='word_1_5' title='bbox 1302 359 1894 448; x_wconf 65' lang='lat' dir='ltr'>perfectionisque</span> <span class='ocrx_word' id='word_1_6' title='bbox 1908 358 2277 433; x_wconf 51' lang='lat' dir='ltr'>subsidiis,</span> <span class='ocrx_word' id='word_1_7' title='bbox 2301 355 2488 424; x_wconf 63' lang='grc' dir='ltr'><strong><em>ὅσοι.</em></strong></span> <span class='ocrx_word' id='word_1_8' title='bbox 2512 352 2613 424; x_wconf 86' lang='lat' dir='ltr'>II.</span> 
     </span>
    </p>
   </div>
   <div class='ocr_carea' id='block_1_2' title="bbox 607 529 2610 2355">
    <p class='ocr_par' dir='ltr' id='par_1_2' title="bbox 607 529 2610 2355">
     <span class='ocr_line' id='line_1_2' title="bbox 686 529 2608 615; baseline -0.001 -20"><span class='ocrx_word' id='word_1_9' title='bbox 686 530 974 601; x_wconf 73' lang='lat' dir='ltr'>violetur</span> <span class='ocrx_word' id='word_1_10' title='bbox 1031 530 1346 614; x_wconf 87' lang='lat' dir='ltr'>jejunium</span> <span class='ocrx_word' id='word_1_11' title='bbox 1404 531 1650 615; x_wconf 79' lang='lat' dir='ltr'>acriter</span> <span class='ocrx_word' id='word_1_12' title='bbox 1692 529 2056 615; x_wconf 82' lang='lat' dir='ltr'>disputant3</span> <span class='ocrx_word' id='word_1_13' title='bbox 2122 545 2232 594; x_wconf 89' lang='lat' dir='ltr'>aut</span> <span class='ocrx_word' id='word_1_14' title='bbox 2275 531 2608 594; x_wconf 88' lang='lat' dir='ltr'>hominem</span> 
     </span>
     <span class='ocr_line' id='line_1_3' title="bbox 677 618 2602 703; baseline -0.001 -19"><span class='ocrx_word' id='word_1_15' title='bbox 677 632 904 685; x_wconf 72' lang='lat' dir='ltr'>,cetera</span> <span class='ocrx_word' id='word_1_16' title='bbox 959 619 1125 682; x_wconf 89' lang='lat' dir='ltr'>bene</span> <span class='ocrx_word' id='word_1_17' title='bbox 1181 618 1567 702; x_wconf 73' lang='lat' dir='ltr'>dispositum</span> <span class='ocrx_word' id='word_1_18' title='bbox 1625 618 1708 681; x_wconf 89' lang='lat' dir='ltr'>ob</span> <span class='ocrx_word' id='word_1_19' title='bbox 1754 618 2037 702; x_wconf 79' lang='lat' dir='ltr'>guttulas</span> <span class='ocrx_word' id='word_1_20' title='bbox 2083 640 2287 703; x_wconf 87' lang='lat' dir='ltr'>aquae</span> <span class='ocrx_word' id='word_1_21' title='bbox 2347 620 2416 680; x_wconf 86' lang='lat' dir='ltr'>in</span> <span class='ocrx_word' id='word_1_22' title='bbox 2466 619 2602 683; x_wconf 74' lang='lat' dir='ltr'>oric</span> 
     </span>
     <span class='ocr_line' id='line_1_4' title="bbox 682 703 2605 790; baseline -0.001 -20"><span class='ocrx_word' id='word_1_23' title='bbox 682 706 1014 770; x_wconf 81' lang='lat' dir='ltr'>ablutione</span> <span class='ocrx_word' id='word_1_24' title='bbox 1060 706 1199 769; x_wconf 88' lang='lat' dir='ltr'>fors</span> <span class='ocrx_word' id='word_1_25' title='bbox 1252 703 1619 769; x_wconf 87' lang='lat' dir='ltr'>defluentes</span> <span class='ocrx_word' id='word_1_26' title='bbox 1674 706 1917 790; x_wconf 86' lang='lat' dir='ltr'>absque</span> <span class='ocrx_word' id='word_1_27' title='bbox 1969 707 2152 790; x_wconf 84' lang='lat' dir='ltr'>gravi</span> <span class='ocrx_word' id='word_1_28' title='bbox 2195 706 2457 789; x_wconf 86' lang='lat' dir='ltr'>piaculo</span> <span class='ocrx_word' id='word_1_29' title='bbox 2505 727 2605 769; x_wconf 88' lang='lat' dir='ltr'>ac·</span> 
     </span>
     <span class='ocr_line' id='line_1_5' title="bbox 681 792 2609 876; baseline -0.001 -20"><span class='ocrx_word' id='word_1_30' title='bbox 681 793 924 857; x_wconf 80' lang='lat' dir='ltr'>cedere</span> <span class='ocrx_word' id='word_1_31' title='bbox 990 793 1070 855; x_wconf 90' lang='lat' dir='ltr'>ad</span> <span class='ocrx_word' id='word_1_32' title='bbox 1116 795 1637 856; x_wconf 84' lang='lat' dir='ltr'><strong>communionem</strong></span> <span class='ocrx_word' id='word_1_33' title='bbox 1698 814 1830 854; x_wconf 90' lang='lat' dir='ltr'>non</span> <span class='ocrx_word' id='word_1_34' title='bbox 1876 813 2068 876; x_wconf 82' lang='lat' dir='ltr'>posse</span> <span class='ocrx_word' id='word_1_35' title='bbox 2121 792 2383 855; x_wconf 84' lang='lat' dir='ltr'><strong>docent.</strong></span> <span class='ocrx_word' id='word_1_36' title='bbox 2451 793 2609 855; x_wconf 90' lang='lat' dir='ltr'>Cer·</span> 
     </span>
     <span class='ocr_line' id='line_1_6' title="bbox 663 879 2610 966; baseline -0.001 -24"><span class='ocrx_word' id='word_1_37' title='bbox 663 895 746 943; x_wconf 87' lang='lat' dir='ltr'>-te</span> <span class='ocrx_word' id='word_1_38' title='bbox 784 883 847 966; x_wconf 83' lang='lat'>2)</span> <span class='ocrx_word' id='word_1_39' title='bbox 889 881 1195 965; x_wconf 88' lang='lat' dir='ltr'>quoniam</span> <span class='ocrx_word' id='word_1_40' title='bbox 1229 882 1351 946; x_wconf 76' lang='lat' dir='ltr'>lex</span> <span class='ocrx_word' id='word_1_41' title='bbox 1389 883 1559 943; x_wconf 77' lang='lat' dir='ltr'>haec</span> <span class='ocrx_word' id='word_1_42' title='bbox 1592 883 1894 942; x_wconf 78' lang='lat' dir='ltr'>humana</span> <span class='ocrx_word' id='word_1_43' title='bbox 1929 894 2051 953; x_wconf 85' lang='lat' dir='ltr'>est,</span> <span class='ocrx_word' id='word_1_44' title='bbox 2079 902 2244 964; x_wconf 86' lang='lat' dir='ltr'>quae</span> <span class='ocrx_word' id='word_1_45' title='bbox 2279 879 2415 964; x_wconf 82' lang='lat' dir='ltr'>legi</span> <span class='ocrx_word' id='word_1_46' title='bbox 2442 880 2610 943; x_wconf 63' lang='lat' dir='ltr'>divi-</span> 
     </span>
     <span class='ocr_line' id='line_1_7' title="bbox 681 965 2606 1043; baseline 0.001 -15"><span class='ocrx_word' id='word_1_47' title='bbox 681 978 803 1029; x_wconf 81' lang='lat' dir='ltr'>nae</span> <span class='ocrx_word' id='word_1_48' title='bbox 840 983 948 1030; x_wconf 85' lang='lat' dir='ltr'>aut</span> <span class='ocrx_word' id='word_1_49' title='bbox 986 967 1297 1031; x_wconf 78' lang='lat' dir='ltr'><strong>nobiliori</strong></span> <span class='ocrx_word' id='word_1_50' title='bbox 1342 967 1584 1030; x_wconf 81' lang='lat' dir='ltr'>cedere</span> <span class='ocrx_word' id='word_1_51' title='bbox 1619 965 1858 1039; x_wconf 82' lang='lat' dir='ltr'>debet,</span> <span class='ocrx_word' id='word_1_52' title='bbox 1905 968 2098 1029; x_wconf 86' lang='lat' dir='ltr'>etiam</span> <span class='ocrx_word' id='word_1_53' title='bbox 2138 988 2276 1029; x_wconf 81' lang='lat' dir='ltr'>non</span> <span class='ocrx_word' id='word_1_54' title='bbox 2312 967 2606 1043; x_wconf 79' lang='lat' dir='ltr'>jejunus</span> 
     </span>
     <span class='ocr_line' id='line_1_8' title="bbox 639 1051 2602 1137; baseline -0.001 -21"><span class='ocrx_word' id='word_1_55' title='bbox 639 1088 644 1093; x_wconf 92' lang='lat'><strong>·</strong></span> <span class='ocrx_word' id='word_1_56' title='bbox 680 1057 1160 1117; x_wconf 86' lang='lat' dir='ltr'>communicare</span> <span class='ocrx_word' id='word_1_57' title='bbox 1204 1066 1422 1136; x_wconf 88' lang='lat' dir='ltr'>potest</span> <span class='ocrx_word' id='word_1_58' title='bbox 1448 1097 1465 1129; x_wconf 92' lang='lat'>,</span> <span class='ocrx_word' id='word_1_59' title='bbox 1512 1053 1766 1137; x_wconf 76' lang='lat' dir='ltr'>quoties</span> <span class='ocrx_word' id='word_1_60' title='bbox 1822 1051 1888 1113; x_wconf 91' lang='lat' dir='ltr'>id</span> <span class='ocrx_word' id='word_1_61' title='bbox 1926 1054 2037 1116; x_wconf 85' lang='lat' dir='ltr'>lex</span> <span class='ocrx_word' id='word_1_62' title='bbox 2073 1053 2361 1115; x_wconf 87' lang='lat' dir='ltr'><strong>nobilior</strong></span> <span class='ocrx_word' id='word_1_63' title='bbox 2398 1053 2602 1134; x_wconf 85' lang='lat' dir='ltr'>jubet.</span> 
     </span>
     <span class='ocr_line' id='line_1_9' title="bbox 680 1138 2600 1223; baseline -0.001 -20"><span class='ocrx_word' id='word_1_64' title='bbox 680 1141 867 1203; x_wconf 90' lang='lat' dir='ltr'>Unde</span> <span class='ocrx_word' id='word_1_65' title='bbox 903 1138 970 1223; x_wconf 76' lang='lat'>3)</span> <span class='ocrx_word' id='word_1_66' title='bbox 1013 1164 1143 1202; x_wconf 88' lang='lat' dir='ltr'>non</span> <span class='ocrx_word' id='word_1_67' title='bbox 1185 1142 1441 1222; x_wconf 83' lang='lat' dir='ltr'>jejunus</span> <span class='ocrx_word' id='word_1_68' title='bbox 1482 1139 1934 1202; x_wconf 87' lang='lat' dir='ltr'>eucharistiam</span> <span class='ocrx_word' id='word_1_69' title='bbox 1988 1161 2247 1202; x_wconf 82' lang='lat' dir='ltr'>sumere</span> <span class='ocrx_word' id='word_1_70' title='bbox 2287 1153 2515 1222; x_wconf 87' lang='lat' dir='ltr'>potest</span> <span class='ocrx_word' id='word_1_71' title='bbox 2542 1139 2600 1221; x_wconf 90' lang='lat' dir='ltr'>a)</span> 
     </span>
     <span class='ocr_line' id='line_1_10' title="bbox 677 1224 2602 1329; baseline -0.002 -39"><span class='ocrx_word' id='word_1_72' title='bbox 677 1242 1022 1311; x_wconf 80' lang='lat' dir='ltr'>aegrotus,</span> <span class='ocrx_word' id='word_1_73' title='bbox 1091 1227 1387 1290; x_wconf 84' lang='lat' dir='ltr'>viaticum</span> <span class='ocrx_word' id='word_1_74' title='bbox 1439 1226 1864 1329; x_wconf 78' lang='lat' dir='ltr'>recepturus-3</span> <span class='ocrx_word' id='word_1_75' title='bbox 1912 1227 2023 1288; x_wconf 89' lang='lat' dir='ltr'>ubi</span> <span class='ocrx_word' id='word_1_76' title='bbox 2073 1247 2347 1297; x_wconf 74' lang='lat' dir='ltr'>necesse</span> <span class='ocrx_word' id='word_1_77' title='bbox 2395 1240 2501 1289; x_wconf 87' lang='lat' dir='ltr'>est</span> <span class='ocrx_word' id='word_1_78' title='bbox 2536 1224 2602 1310; x_wconf 89' lang='lat' dir='ltr'>b)</span> 
     </span>
     <span class='ocr_line' id='line_1_11' title="bbox 682 1311 2605 1398; baseline -0.001 -23"><span class='ocrx_word' id='word_1_79' title='bbox 682 1314 763 1375; x_wconf 87' lang='lat' dir='ltr'>ad</span> <span class='ocrx_word' id='word_1_80' title='bbox 799 1314 1189 1378; x_wconf 78' lang='lat' dir='ltr'>sacramenti</span> <span class='ocrx_word' id='word_1_81' title='bbox 1221 1315 1721 1377; x_wconf 82' lang='lat' dir='ltr'>irreverentiam</span> <span class='ocrx_word' id='word_1_82' title='bbox 1744 1314 2100 1376; x_wconf 84' lang='lat' dir='ltr'>vitandam·</span> <span class='ocrx_word' id='word_1_83' title='bbox 2086 1311 2199 1395; x_wconf 82' lang='lat' dir='ltr'>,c)</span> <span class='ocrx_word' id='word_1_84' title='bbox 2224 1312 2305 1375; x_wconf 88' lang='lat' dir='ltr'>ad</span> <span class='ocrx_word' id='word_1_85' title='bbox 2335 1334 2605 1398; x_wconf 77' lang='lat' dir='ltr'>gravem</span> 
     </span>
     <span class='ocr_line' id='line_1_12' title="bbox 675 1399 2606 1484; baseline -0.001 -22"><span class='ocrx_word' id='word_1_86' title='bbox 675 1401 1003 1467; x_wconf 79' lang='lat' dir='ltr'>infamiam</span> <span class='ocrx_word' id='word_1_87' title='bbox 1061 1416 1171 1464; x_wconf 92' lang='lat' dir='ltr'>aut</span> <span class='ocrx_word' id='word_1_88' title='bbox 1227 1399 1601 1464; x_wconf 88' lang='lat' dir='ltr'>scandalum</span> <span class='ocrx_word' id='word_1_89' title='bbox 1662 1400 2151 1476; x_wconf 81' lang='lat' dir='ltr'>declinandum3</span> <span class='ocrx_word' id='word_1_90' title='bbox 2209 1400 2277 1484; x_wconf 92' lang='lat' dir='ltr'>d)</span> <span class='ocrx_word' id='word_1_91' title='bbox 2325 1400 2407 1462; x_wconf 87' lang='lat' dir='ltr'>ad</span> <span class='ocrx_word' id='word_1_92' title='bbox 2453 1421 2606 1482; x_wconf 90' lang='lat' dir='ltr'>pro-</span> 
     </span>
     <span class='ocr_line' id='line_1_13' title="bbox 673 1485 2599 1573; baseline -0.001 -21"><span class='ocrx_word' id='word_1_93' title='bbox 673 1488 1023 1552; x_wconf 79' lang='lat' dir='ltr'>curandam</span> <span class='ocrx_word' id='word_1_94' title='bbox 1065 1487 1531 1573; x_wconf 76' lang='lat' dir='ltr'>integritatem</span> <span class='ocrx_word' id='word_1_95' title='bbox 1607 1485 1956 1564; x_wconf 82' lang='lat' dir='ltr'>sacrificii,</span> <span class='ocrx_word' id='word_1_96' title='bbox 2034 1486 2210 1573; x_wconf 86' lang='lat' dir='ltr'>quod</span> <span class='ocrx_word' id='word_1_97' title='bbox 2274 1485 2599 1569; x_wconf 84' lang='lat' dir='ltr'>perficere</span> 
     </span>
     <span class='ocr_line' id='line_1_14' title="bbox 672 1573 2604 1659; baseline -0.001 -22"><span class='ocrx_word' id='word_1_98' title='bbox 672 1588 897 1658; x_wconf 82' lang='lat' dir='ltr'>potest</span> <span class='ocrx_word' id='word_1_99' title='bbox 930 1575 1238 1638; x_wconf 77' lang='lat' dir='ltr'>sacerdos</span> <span class='ocrx_word' id='word_1_100' title='bbox 1270 1596 1403 1638; x_wconf 88' lang='lat' dir='ltr'>non</span> <span class='ocrx_word' id='word_1_101' title='bbox 1438 1577 1714 1659; x_wconf 83' lang='lat' dir='ltr'>jejunus,</span> <span class='ocrx_word' id='word_1_102' title='bbox 1752 1574 1808 1637; x_wconf 86' lang='lat' dir='ltr'>si</span> <span class='ocrx_word' id='word_1_103' title='bbox 1832 1576 1996 1637; x_wconf 78' lang='lat' dir='ltr'>alius</span> <span class='ocrx_word' id='word_1_104' title='bbox 2027 1573 2307 1647; x_wconf 80' lang='lat' dir='ltr'>deficiat,</span> <span class='ocrx_word' id='word_1_105' title='bbox 2341 1589 2455 1636; x_wconf 89' lang='lat' dir='ltr'>aut</span> <span class='ocrx_word' id='word_1_106' title='bbox 2494 1573 2604 1635; x_wconf 91' lang='lat' dir='ltr'>de·</span> 
     </span>
     <span class='ocr_line' id='line_1_15' title="bbox 678 1658 2605 1748; baseline -0.001 -25"><span class='ocrx_word' id='word_1_107' title='bbox 678 1662 762 1724; x_wconf 77' lang='lat' dir='ltr'>sit</span> <span class='ocrx_word' id='word_1_108' title='bbox 805 1666 1136 1725; x_wconf 85' lang='lat' dir='ltr'>etc.1mo</span> <span class='ocrx_word' id='word_1_109' title='bbox 1179 1664 1246 1747; x_wconf 75' lang='lat'>4)</span> <span class='ocrx_word' id='word_1_110' title='bbox 1315 1684 1513 1748; x_wconf 86' lang='lat' dir='ltr'>quum</span> <span class='ocrx_word' id='word_1_111' title='bbox 1576 1664 1687 1725; x_wconf 84' lang='lat' dir='ltr'>lex</span> <span class='ocrx_word' id='word_1_112' title='bbox 1747 1663 1828 1723; x_wconf 92' lang='lat' dir='ltr'>ob</span> <span class='ocrx_word' id='word_1_113' title='bbox 1874 1661 2314 1726; x_wconf 84' lang='lat' dir='ltr'>reverentiam</span> <span class='ocrx_word' id='word_1_114' title='bbox 2367 1658 2605 1724; x_wconf 89' lang='lat' dir='ltr'>eucha-</span> 
     </span>
     <span class='ocr_line' id='line_1_16' title="bbox 673 1748 2602 1834; baseline -0.001 -24"><span class='ocrx_word' id='word_1_115' title='bbox 673 1749 897 1812; x_wconf 86' lang='lat' dir='ltr'>ristiae</span> <span class='ocrx_word' id='word_1_116' title='bbox 932 1750 1058 1812; x_wconf 87' lang='lat' dir='ltr'>lata</span> <span class='ocrx_word' id='word_1_117' title='bbox 1110 1751 1176 1813; x_wconf 88' lang='lat' dir='ltr'>in</span> <span class='ocrx_word' id='word_1_118' title='bbox 1214 1749 1586 1813; x_wconf 86' lang='lat' dir='ltr'>devotionis</span> <span class='ocrx_word' id='word_1_119' title='bbox 1628 1749 2018 1834; x_wconf 82' lang='lat' dir='ltr'>pietatisque</span> <span class='ocrx_word' id='word_1_120' title='bbox 2061 1748 2602 1832; x_wconf 86' lang='lat' dir='ltr'>impedimentum</span> 
     </span>
     <span class='ocr_line' id='line_1_17' title="bbox 674 1834 2602 1921; baseline -0.002 -23"><span class='ocrx_word' id='word_1_121' title='bbox 674 1836 920 1899; x_wconf 85' lang='lat' dir='ltr'>cedere</span> <span class='ocrx_word' id='word_1_122' title='bbox 961 1835 1151 1901; x_wconf 81' lang='lat' dir='ltr'>haud</span> <span class='ocrx_word' id='word_1_123' title='bbox 1195 1836 1472 1916; x_wconf 89' lang='lat' dir='ltr'>debeat,</span> <span class='ocrx_word' id='word_1_124' title='bbox 1517 1851 1825 1920; x_wconf 80' lang='lat' dir='ltr'>aegroto,</span> <span class='ocrx_word' id='word_1_125' title='bbox 1893 1837 2007 1921; x_wconf 87' lang='lat' dir='ltr'>qui</span> <span class='ocrx_word' id='word_1_126' title='bbox 2056 1858 2090 1898; x_wconf 87' lang='lat' dir='ltr'>a</span> <span class='ocrx_word' id='word_1_127' title='bbox 2133 1837 2282 1918; x_wconf 82' lang='lat' dir='ltr'>cibo</span> <span class='ocrx_word' id='word_1_128' title='bbox 2333 1834 2602 1897; x_wconf 87' lang='lat' dir='ltr'>medici-</span> 
     </span>
     <span class='ocr_line' id='line_1_18' title="bbox 673 1922 2603 2007; baseline -0.001 -23"><span class='ocrx_word' id='word_1_129' title='bbox 673 1945 836 1987; x_wconf 85' lang='lat' dir='ltr'>nave</span> <span class='ocrx_word' id='word_1_130' title='bbox 869 1923 1126 2006; x_wconf 86' lang='lat' dir='ltr'>jejunus</span> <span class='ocrx_word' id='word_1_131' title='bbox 1160 1923 1523 2006; x_wconf 85' lang='lat' dir='ltr'>perdurare</span> <span class='ocrx_word' id='word_1_132' title='bbox 1567 1923 1832 2007; x_wconf 90' lang='lat' dir='ltr'>nequit,</span> <span class='ocrx_word' id='word_1_133' title='bbox 1881 1922 2272 1987; x_wconf 79' lang='lat' dir='ltr'>eucharistia</span> <span class='ocrx_word' id='word_1_134' title='bbox 2315 1942 2449 1982; x_wconf 81' lang='lat' dir='ltr'>non</span> <span class='ocrx_word' id='word_1_135' title='bbox 2501 1941 2603 1983; x_wconf 88' lang='lat' dir='ltr'>so-</span> 
     </span>
     <span class='ocr_line' id='line_1_19' title="bbox 666 2007 2601 2094; baseline -0.001 -24"><span class='ocrx_word' id='word_1_136' title='bbox 666 2009 801 2071; x_wconf 87' lang='lat' dir='ltr'>lum</span> <span class='ocrx_word' id='word_1_137' title='bbox 860 2031 985 2094; x_wconf 89' lang='lat' dir='ltr'>per</span> <span class='ocrx_word' id='word_1_138' title='bbox 1027 2009 1290 2072; x_wconf 88' lang='lat' dir='ltr'>modum</span> <span class='ocrx_word' id='word_1_139' title='bbox 1335 2010 1594 2085; x_wconf 83' lang='lat' dir='ltr'>viatici,</span> <span class='ocrx_word' id='word_1_140' title='bbox 1661 2009 1777 2072; x_wconf 84' lang='lat' dir='ltr'>sed</span> <span class='ocrx_word' id='word_1_141' title='bbox 1824 2012 2211 2094; x_wconf 84' lang='lat' dir='ltr'>quandoque</span> <span class='ocrx_word' id='word_1_142' title='bbox 2259 2009 2498 2082; x_wconf 88' lang='lat' dir='ltr'>etiam,</span> <span class='ocrx_word' id='word_1_143' title='bbox 2545 2007 2601 2069; x_wconf 86' lang='lat' dir='ltr'>si</span> 
     </span>
     <span class='ocr_line' id='line_1_20' title="bbox 666 2094 2605 2180; baseline 0.001 -24"><span class='ocrx_word' id='word_1_144' title='bbox 666 2094 909 2159; x_wconf 87' lang='lat' dir='ltr'>diutius</span> <span class='ocrx_word' id='word_1_145' title='bbox 959 2097 1085 2160; x_wconf 90' lang='lat' dir='ltr'>hoc</span> <span class='ocrx_word' id='word_1_146' title='bbox 1127 2116 1314 2158; x_wconf 85' lang='lat' dir='ltr'>sacro</span> <span class='ocrx_word' id='word_1_147' title='bbox 1363 2099 1564 2180; x_wconf 88' lang='lat' dir='ltr'>epulo</span> <span class='ocrx_word' id='word_1_148' title='bbox 1600 2110 1868 2180; x_wconf 88' lang='lat' dir='ltr'>praeter</span> <span class='ocrx_word' id='word_1_149' title='bbox 1916 2119 2166 2161; x_wconf 88' lang='lat' dir='ltr'>morem</span> <span class='ocrx_word' id='word_1_150' title='bbox 2215 2117 2444 2159; x_wconf 86' lang='lat' dir='ltr'>carere</span> <span class='ocrx_word' id='word_1_151' title='bbox 2493 2095 2605 2157; x_wconf 87' lang='lat' dir='ltr'>de·</span> 
     </span>
     <span class='ocr_line' id='line_1_21' title="bbox 670 2181 2599 2270; baseline -0.001 -26"><span class='ocrx_word' id='word_1_152' title='bbox 670 2182 897 2256; x_wconf 83' lang='lat' dir='ltr'>beret,</span> <span class='ocrx_word' id='word_1_153' title='bbox 943 2184 1144 2268; x_wconf 87' lang='lat' dir='ltr'>idque</span> <span class='ocrx_word' id='word_1_154' title='bbox 1175 2183 1488 2246; x_wconf 86' lang='lat' dir='ltr'>ardenter</span> <span class='ocrx_word' id='word_1_155' title='bbox 1522 2183 1894 2257; x_wconf 78' lang='lat' dir='ltr'>desiderat,</span> <span class='ocrx_word' id='word_1_156' title='bbox 1930 2185 2013 2247; x_wconf 93' lang='lat' dir='ltr'>ob</span> <span class='ocrx_word' id='word_1_157' title='bbox 2049 2184 2448 2270; x_wconf 80' lang='lat' dir='ltr'>singularem</span> <span class='ocrx_word' id='word_1_158' title='bbox 2488 2181 2599 2244; x_wconf 90' lang='lat' dir='ltr'>de-</span> 
     </span>
     <span class='ocr_line' id='line_1_22' title="bbox 607 2229 2071 2355; baseline 0.001 -21"><span class='ocrx_word' id='word_1_159' title='bbox 607 2294 610 2299; x_wconf 50' lang='lat'><em>*</em></span> <span class='ocrx_word' id='word_1_160' title='bbox 672 2269 1008 2334; x_wconf 85' lang='lat' dir='ltr'>votionem</span> <span class='ocrx_word' id='word_1_161' title='bbox 1047 2270 1298 2355; x_wconf 81' lang='lat' dir='ltr'>porrigi</span> <span class='ocrx_word' id='word_1_162' title='bbox 1332 2286 1515 2334; x_wconf 90' lang='lat' dir='ltr'>recte</span> <span class='ocrx_word' id='word_1_163' title='bbox 1560 2291 1755 2355; x_wconf 81' lang='lat' dir='ltr'>posse</span> <span class='ocrx_word' id='word_1_164' title='bbox 1794 2229 2071 2339; x_wconf 75' lang='lat' dir='ltr'>videtur.</span> 
     </span>
    </p>
   </div>
   <div class='ocr_carea' id='block_1_3' title="bbox 1429 2397 1681 2486">
    <p class='ocr_par' dir='ltr' id='par_1_3' title="bbox 1429 2397 1681 2486">
     <span class='ocr_line' id='line_1_23' title="bbox 1429 2397 1681 2486; baseline -0.009 -20"><span class='ocrx_word' id='word_1_165' title='bbox 1429 2397 1484 2474; x_wconf 88' lang='lat'>§.</span> <span class='ocrx_word' id='word_1_166' title='bbox 1534 2402 1681 2486; x_wconf 87' lang='lat'>751.</span> 
     </span>
    </p>
   </div>
   <div class='ocr_carea' id='block_1_4' title="bbox 498 2504 2651 2678">
    <p class='ocr_par' dir='ltr' id='par_1_4' title="bbox 498 2504 2651 2678">
     <span class='ocr_line' id='line_1_24' title="bbox 498 2504 2651 2607; baseline -0.002 -34"><span class='ocrx_word' id='word_1_167' title='bbox 498 2504 567 2595; x_wconf 82' lang='grc'>5)</span> <span class='ocrx_word' id='word_1_168' title='bbox 602 2504 1013 2571; x_wconf 80' lang='lat' dir='ltr'>Necessitas</span> <span class='ocrx_word' id='word_1_169' title='bbox 1047 2507 1536 2584; x_wconf 79' lang='lat' dir='ltr'>eucharistiae,</span> <span class='ocrx_word' id='word_1_170' title='bbox 1575 2531 1700 2571; x_wconf 82' lang='lat' dir='ltr'>seu</span> <span class='ocrx_word' id='word_1_171' title='bbox 1731 2513 1882 2590; x_wconf 78' lang='lat' dir='ltr'>ejus</span> <span class='ocrx_word' id='word_1_172' title='bbox 1916 2510 2404 2607; x_wconf 78' lang='lat' dir='ltr'>suscipiendae</span> <span class='ocrx_word' id='word_1_173' title='bbox 2428 2505 2597 2569; x_wconf 86' lang='lat' dir='ltr'>obli·</span> <span class='ocrx_word' id='word_1_174' title='bbox 2638 2519 2651 2526; x_wconf 70' lang='lat'><strong><em>‘</em></strong></span> 
     </span>
     <span class='ocr_line' id='line_1_25' title="bbox 1428 2599 1655 2678; baseline 0.005 -22"><span class='ocrx_word' id='word_1_175' title='bbox 1428 2599 1655 2678; x_wconf 82' lang='lat' dir='ltr'>gatiO.</span> 
     </span>
    </p>
   </div>
   <div class='ocr_carea' id='block_1_5' title="bbox 445 2722 2650 4078">
    <p class='ocr_par' dir='ltr' id='par_1_5' title="bbox 445 2722 2650 4078">
     <span class='ocr_line' id='line_1_26' title="bbox 704 2722 2595 2843; baseline -0.003 -45"><span class='ocrx_word' id='word_1_176' title='bbox 704 2723 824 2798; x_wconf 87' lang='lat' dir='ltr'>Ad</span> <span class='ocrx_word' id='word_1_177' title='bbox 857 2722 1441 2820; x_wconf 79' lang='lat' dir='ltr'>consequendos</span> <span class='ocrx_word' id='word_1_178' title='bbox 1494 2725 1679 2798; x_wconf 86' lang='lat' dir='ltr'>fines</span> <span class='ocrx_word' id='word_1_179' title='bbox 1731 2723 2226 2827; x_wconf 85' lang='lat' dir='ltr'>affectusque,</span> <span class='ocrx_word' id='word_1_180' title='bbox 2263 2738 2595 2843; x_wconf 39' lang='lat' dir='ltr'>..propter</span> 
     </span>
     <span class='ocr_line' id='line_1_27' title="bbox 504 2828 2598 2928; baseline -0.002 -26"><span class='ocrx_word' id='word_1_181' title='bbox 504 2854 691 2928; x_wconf 91' lang='lat' dir='ltr'>quos</span> <span class='ocrx_word' id='word_1_182' title='bbox 750 2854 788 2899; x_wconf 87' lang='lat' dir='ltr'>a</span> <span class='ocrx_word' id='word_1_183' title='bbox 848 2829 1152 2901; x_wconf 80' lang='lat' dir='ltr'>Clnisto</span> <span class='ocrx_word' id='word_1_184' title='bbox 1203 2829 1529 2901; x_wconf 83' lang='lat' dir='ltr'>Domino</span> <span class='ocrx_word' id='word_1_185' title='bbox 1588 2828 2036 2901; x_wconf 82' lang='lat' dir='ltr'>eucharistia</span> <span class='ocrx_word' id='word_1_186' title='bbox 2093 2846 2203 2902; x_wconf 87' lang='lat' dir='ltr'>est</span> <span class='ocrx_word' id='word_1_187' title='bbox 2257 2829 2598 2900; x_wconf 87' lang='lat' dir='ltr'>instituta</span> 
     </span>
     <span class='ocr_line' id='line_1_28' title="bbox 485 2931 2599 3033; baseline 0 -30"><span class='ocrx_word' id='word_1_188' title='bbox 485 2932 621 3033; x_wconf 73' lang='lat'><strong>.(§·</strong></span> <span class='ocrx_word' id='word_1_189' title='bbox 686 2947 829 3031; x_wconf 80' lang='grc'>749</span> <span class='ocrx_word' id='word_1_190' title='bbox 857 2938 922 3024; x_wconf 87' lang='grc'>),</span> <span class='ocrx_word' id='word_1_191' title='bbox 976 2948 1223 3032; x_wconf 85' lang='lat' dir='ltr'>atque</span> <span class='ocrx_word' id='word_1_192' title='bbox 1295 2934 1641 3032; x_wconf 80' lang='lat' dir='ltr'>inprimis</span> <span class='ocrx_word' id='word_1_193' title='bbox 1697 2935 1866 3029; x_wconf 88' lang='lat' dir='ltr'>quia</span> <span class='ocrx_word' id='word_1_194' title='bbox 1924 2949 2036 3005; x_wconf 91' lang='lat' dir='ltr'>est</span> <span class='ocrx_word' id='word_1_195' title='bbox 2089 2931 2599 3006; x_wconf 84' lang='lat' dir='ltr'>necessarium</span> 
     </span>
     <span class='ocr_line' id='line_1_29' title="bbox 491 3031 2650 3136; baseline -0.002 -24.979"><span class='ocrx_word' id='word_1_196' title='bbox 491 3038 938 3114; x_wconf 83' lang='lat' dir='ltr'>alimentum</span> <span class='ocrx_word' id='word_1_197' title='bbox 987 3053 1065 3109; x_wconf 88' lang='lat' dir='ltr'>et</span> <span class='ocrx_word' id='word_1_198' title='bbox 1122 3038 1311 3109; x_wconf 81' lang='lat' dir='ltr'>vitae</span> <span class='ocrx_word' id='word_1_199' title='bbox 1371 3035 1776 3136; x_wconf 82' lang='lat' dir='ltr'>spiritualis</span> <span class='ocrx_word' id='word_1_200' title='bbox 1813 3038 2371 3111; x_wconf 82' lang='lat' dir='ltr'>conservandae</span> <span class='ocrx_word' id='word_1_201' title='bbox 2428 3034 2598 3108; x_wconf 86' lang='lat' dir='ltr'>suh-</span> <span class='ocrx_word' id='word_1_202' title='bbox 2647 3031 2650 3036; x_wconf 61' lang='grc'><strong><em>’</em></strong></span> 
     </span>
     <span class='ocr_line' id='line_1_30' title="bbox 489 3139 2598 3238; baseline -0.002 -23"><span class='ocrx_word' id='word_1_203' title='bbox 489 3142 815 3232; x_wconf 72' lang='lat' dir='ltr'>sidium,</span> <span class='ocrx_word' id='word_1_204' title='bbox 887 3168 1149 3218; x_wconf 80' lang='lat' dir='ltr'>ornnes</span> <span class='ocrx_word' id='word_1_205' title='bbox 1204 3140 1463 3213; x_wconf 86' lang='lat' dir='ltr'>fideles</span> <span class='ocrx_word' id='word_1_206' title='bbox 1522 3140 1996 3214; x_wconf 83' lang='lat' dir='ltr'>discretionis</span> <span class='ocrx_word' id='word_1_207' title='bbox 2052 3168 2286 3216; x_wconf 82' lang='lat' dir='ltr'>annos</span> <span class='ocrx_word' id='word_1_208' title='bbox 2341 3139 2598 3238; x_wconf 81' lang='lat' dir='ltr'>adepti</span> 
     </span>
     <span class='ocr_line' id='line_1_31' title="bbox 493 3245 2598 3341; baseline 0 -26"><span class='ocrx_word' id='word_1_209' title='bbox 493 3247 575 3337; x_wconf 74' lang='grc'>’1)</span> <span class='ocrx_word' id='word_1_210' title='bbox 600 3248 769 3341; x_wconf 82' lang='lat' dir='ltr'>lege</span> <span class='ocrx_word' id='word_1_211' title='bbox 794 3246 1054 3318; x_wconf 76' lang='lat' dir='ltr'>divina</span> <span class='ocrx_word' id='word_1_212' title='bbox 1075 3245 1526 3341; x_wconf 76' lang='lat' dir='ltr'>obligantur</span> <span class='ocrx_word' id='word_1_213' title='bbox 1540 3245 1654 3317; x_wconf 80' lang='lat' dir='ltr'>ad</span> <span class='ocrx_word' id='word_1_214' title='bbox 1667 3245 1813 3318; x_wconf 77' lang='lat' dir='ltr'>hoc</span> <span class='ocrx_word' id='word_1_215' title='bbox 1831 3261 2411 3321; x_wconf 72' lang='lat' dir='ltr'>sacramentum</span> <span class='ocrx_word' id='word_1_216' title='bbox 2427 3269 2598 3316; x_wconf 83' lang='lat' dir='ltr'>sae·</span> 
     </span>
     <span class='ocr_line' id='line_1_32' title="bbox 490 3348 2594 3451; baseline -0.001 -31"><span class='ocrx_word' id='word_1_217' title='bbox 490 3354 670 3448; x_wconf 78' lang='lat' dir='ltr'>pius</span> <span class='ocrx_word' id='word_1_218' title='bbox 693 3354 770 3419; x_wconf 84' lang='lat' dir='ltr'>in</span> <span class='ocrx_word' id='word_1_219' title='bbox 793 3353 949 3420; x_wconf 75' lang='lat' dir='ltr'>vita</span> <span class='ocrx_word' id='word_1_220' title='bbox 977 3349 1549 3443; x_wconf 69' lang='grc' dir='ltr'>νεοίρίθηιίιιιη’;</span> <span class='ocrx_word' id='word_1_221' title='bbox 1590 3349 1664 3420; x_wconf 91' lang='lat' dir='ltr'>id</span> <span class='ocrx_word' id='word_1_222' title='bbox 1697 3350 1897 3446; x_wconf 89' lang='lat' dir='ltr'>quod</span> <span class='ocrx_word' id='word_1_223' title='bbox 1921 3351 2294 3450; x_wconf 85' lang='lat' dir='ltr'>colligitur</span> <span class='ocrx_word' id='word_1_224' title='bbox 2326 3348 2594 3451; x_wconf 80' lang='lat' dir='ltr'>partim</span> 
     </span>
     <span class='ocr_line' id='line_1_33' title="bbox 499 3452 2595 3542; baseline -0.001 -17"><span class='ocrx_word' id='word_1_225' title='bbox 499 3461 565 3542; x_wconf 87' lang='lat' dir='ltr'>a)</span> <span class='ocrx_word' id='word_1_226' title='bbox 598 3479 689 3525; x_wconf 83' lang='lat' dir='ltr'>ex</span> <span class='ocrx_word' id='word_1_227' title='bbox 710 3453 987 3523; x_wconf 73' lang='lat' dir='ltr'>Clnisti</span> <span class='ocrx_word' id='word_1_228' title='bbox 1038 3452 1323 3531; x_wconf 70' lang='lat' dir='ltr'>veihist</span> <span class='ocrx_word' id='word_1_229' title='bbox 1364 3453 1535 3527; x_wconf 72' lang='lat' dir='ltr'>Nisi</span> <span class='ocrx_word' id='word_1_230' title='bbox 1573 3454 2257 3527; x_wconf 74' lang='lat' dir='ltr'>manducaveritis</span> <span class='ocrx_word' id='word_1_231' title='bbox 2276 3477 2595 3526; x_wconf 77' lang='lat' dir='ltr'>carnem</span> 
     </span>
     <span class='ocr_line' id='line_1_34' title="bbox 497 3556 2597 3648; baseline -0.002 -17"><span class='ocrx_word' id='word_1_232' title='bbox 497 3558 674 3631; x_wconf 83' lang='lat' dir='ltr'>Filii</span> <span class='ocrx_word' id='word_1_233' title='bbox 716 3556 1080 3648; x_wconf 75' lang='lat' dir='ltr'>hominis,</span> <span class='ocrx_word' id='word_1_234' title='bbox 1117 3582 1272 3629; x_wconf 84' lang='lat' dir='ltr'>non</span> <span class='ocrx_word' id='word_1_235' title='bbox 1317 3557 1695 3631; x_wconf 78' lang='lat' dir='ltr'>habebitis</span> <span class='ocrx_word' id='word_1_236' title='bbox 1737 3564 1971 3633; x_wconf 70' lang='lat' dir='ltr'>vitam</span> <span class='ocrx_word' id='word_1_237' title='bbox 2005 3563 2099 3632; x_wconf 85' lang='lat' dir='ltr'>in·</span> <span class='ocrx_word' id='word_1_238' title='bbox 2099 3558 2351 3631; x_wconf 73' lang='lat' dir='ltr'>vobis.</span> <span class='ocrx_word' id='word_1_239' title='bbox 2381 3556 2597 3634; x_wconf 74' lang='lat' dir='ltr'>,Hoc</span> 
     </span>
     <span class='ocr_line' id='line_1_35' title="bbox 496 3661 2595 3761; baseline 0 -28"><span class='ocrx_word' id='word_1_240' title='bbox 496 3662 801 3757; x_wconf 83' lang='lat' dir='ltr'>facite</span> <span class='ocrx_word' id='word_1_241' title='bbox 777 3690 852 3732; x_wconf 82' lang='grc' dir='ltr'>ιιι</span> <span class='ocrx_word' id='word_1_242' title='bbox 876 3687 1125 3733; x_wconf 82' lang='lat' dir='ltr'>meam</span> <span class='ocrx_word' id='word_1_243' title='bbox 1142 3668 1939 3738; x_wconf 77' lang='lat' dir='ltr'>commemorationem</span> <span class='ocrx_word' id='word_1_244' title='bbox 1964 3680 2108 3736; x_wconf 78' lang='lat' dir='ltr'>etc.</span> <span class='ocrx_word' id='word_1_245' title='bbox 2145 3661 2284 3756; x_wconf 78' lang='lat'><strong>55).</strong></span> <span class='ocrx_word' id='word_1_246' title='bbox 2265 3720 2288 3754; x_wconf 87' lang='lat'>,</span> <span class='ocrx_word' id='word_1_247' title='bbox 2320 3686 2455 3761; x_wconf 75' lang='lat' dir='ltr'>pai·</span> <span class='ocrx_word' id='word_1_248' title='bbox 2466 3662 2595 3734; x_wconf 87' lang='lat' dir='ltr'>tim</span> 
     </span>
     <span class='ocr_line' id='line_1_36' title="bbox 498 3764 2593 3866; baseline -0.001 -29"><span class='ocrx_word' id='word_1_249' title='bbox 498 3764 586 3860; x_wconf 86' lang='lat' dir='ltr'>h)</span> <span class='ocrx_word' id='word_1_250' title='bbox 617 3792 714 3839; x_wconf 83' lang='lat' dir='ltr'>ex</span> <span class='ocrx_word' id='word_1_251' title='bbox 744 3766 1097 3840; x_wconf 86' lang='lat' dir='ltr'>continua</span> <span class='ocrx_word' id='word_1_252' title='bbox 1126 3765 1492 3841; x_wconf 86' lang='lat' dir='ltr'>ecclesiae</span> <span class='ocrx_word' id='word_1_253' title='bbox 1532 3768 1771 3866; x_wconf 84' lang='lat' dir='ltr'>praxi,</span> <span class='ocrx_word' id='word_1_254' title='bbox 1807 3768 1883 3842; x_wconf 90' lang='lat' dir='ltr'>vi</span> <span class='ocrx_word' id='word_1_255' title='bbox 1914 3770 2119 3865; x_wconf 86' lang='lat' dir='ltr'>cujus</span> <span class='ocrx_word' id='word_1_256' title='bbox 2140 3765 2398 3837; x_wconf 86' lang='lat' dir='ltr'>fideles</span> <span class='ocrx_word' id='word_1_257' title='bbox 2437 3791 2593 3836; x_wconf 78' lang='lat' dir='ltr'>sae-</span> 
     </span>
     <span class='ocr_line' id='line_1_37' title="bbox 445 3870 2591 3972; baseline 0.001 -33"><span class='ocrx_word' id='word_1_258' title='bbox 445 3965 448 3966; x_wconf 15' lang='lat'><em>⁷</em></span> <span class='ocrx_word' id='word_1_259' title='bbox 497 3874 666 3972; x_wconf 86' lang='lat' dir='ltr'>pius</span> <span class='ocrx_word' id='word_1_260' title='bbox 706 3870 851 3944; x_wconf 89' lang='lat' dir='ltr'>hoc</span> <span class='ocrx_word' id='word_1_261' title='bbox 892 3889 1438 3943; x_wconf 84' lang='lat' dir='ltr'>sacramentum</span> <span class='ocrx_word' id='word_1_262' title='bbox 1478 3877 1633 3943; x_wconf 76' lang='lat' dir='ltr'>tum</span> <span class='ocrx_word' id='word_1_263' title='bbox 1669 3871 2198 3968; x_wconf 78' lang='lat' dir='ltr'>frequentant&#39;</span> <span class='ocrx_word' id='word_1_264' title='bbox 2181 3870 2360 3971; x_wconf 76' lang='lat' dir='ltr'>ipsi,</span> <span class='ocrx_word' id='word_1_265' title='bbox 2401 3885 2591 3959; x_wconf 88' lang='lat' dir='ltr'>tum,</span> 
     </span>
     <span class='ocr_line' id='line_1_38' title="bbox 501 3973 2591 4078; baseline 0.003 -31"><span class='ocrx_word' id='word_1_266' title='bbox 501 3990 585 4047; x_wconf 89' lang='lat' dir='ltr'>ut</span> <span class='ocrx_word' id='word_1_267' title='bbox 616 3974 696 4045; x_wconf 91' lang='lat' dir='ltr'>id</span> <span class='ocrx_word' id='word_1_268' title='bbox 737 3976 1089 4067; x_wconf 85' lang='lat' dir='ltr'>facerent,</span> <span class='ocrx_word' id='word_1_269' title='bbox 1129 3973 1219 4046; x_wconf 80' lang='lat' dir='ltr'>ab</span> <span class='ocrx_word' id='word_1_270' title='bbox 1263 3974 1591 4049; x_wconf 82' lang='lat' dir='ltr'>ecclesia</span> <span class='ocrx_word' id='word_1_271' title='bbox 1621 3977 1890 4050; x_wconf 86' lang='lat' dir='ltr'>moniti</span> <span class='ocrx_word' id='word_1_272' title='bbox 1923 3978 2252 4078; x_wconf 83' lang='lat' dir='ltr'>jussique</span> <span class='ocrx_word' id='word_1_273' title='bbox 2293 3990 2490 4050; x_wconf 86' lang='lat' dir='ltr'>sunt.</span> <span class='ocrx_word' id='word_1_274' title='bbox 2516 3977 2591 4063; x_wconf 79' lang='lat'>2)</span> 
     </span>
    </p>
   </div>
   <div class='ocr_carea' id='block_1_6' title="bbox 540 4188 1832 4289">
    <p class='ocr_par' dir='ltr' id='par_1_6' title="bbox 540 4188 1832 4289">
     <span class='ocr_line' id='line_1_39' title="bbox 540 4188 1832 4289; baseline -0.002 -30"><span class='ocrx_word' id='word_1_275' title='bbox 540 4188 700 4271; x_wconf 65' lang='lat'>⁸55)</span> <span class='ocrx_word' id='word_1_276' title='bbox 748 4192 933 4262; x_wconf 87' lang='lat' dir='ltr'>Joan.</span> <span class='ocrx_word' id='word_1_277' title='bbox 976 4195 1083 4264; x_wconf 78' lang='lat' dir='ltr'>Vt.</span> <span class='ocrx_word' id='word_1_278' title='bbox 1134 4193 1444 4277; x_wconf 49' lang='lat' dir='ltr'>45‚‚Luc.</span> <span class='ocrx_word' id='word_1_279' title='bbox 1482 4194 1692 4284; x_wconf 67' lang='lat' dir='ltr'>XXII,</span> <span class='ocrx_word' id='word_1_280' title='bbox 1737 4216 1832 4289; x_wconf 40' lang='grc' dir='ltr'>ἦς’.</span> 
     </span>
    </p>
   </div>
   <div class='ocr_carea' id='block_1_7' title="bbox 2799 683 2838 4682">
    <p class='ocr_par' dir='ltr' id='par_1_7' title="bbox 2799 683 2838 4682">
     <span class='ocr_line' id='line_1_40' title="bbox 2799 683 2838 4682; baseline 0 0"><span class='ocrx_word' id='word_1_281' title='bbox 2799 683 2838 4682; x_wconf 95' lang='lat' dir='ltr'> </span> 
     </span>
    </p>
   </div>
  </div>
 </body>
</html>
