2846 4770
541 380 666 445 502
690 381 797 442 De
815 379 1067 457 christ..
1085 377 1326 450 virtut.
1339 375 1925 469 perfectionisque
1942 372 2297 443 subsidiis.
2320 372 2509 441 Seee.
2527 373 2620 441 ΙΙ,

1461 548 1527 641 5.
1571 515 1720 639 764.

611 683 677 770 2)
724 682 1096 781 Salutaris!
1120 686 1545 769 cognitionis
1578 681 1834 771 etfidei
1862 685 2062 745 vivae
2093 686 2527 746 consectatio
2543 709 2568 758 ς

757 869 950 938 Ante
992 863 1240 937 omnia
1291 870 1359 955 1)
1400 865 1736 962 cognitio
1776 887 2078 955 eorum,
2118 862 2277 935 sine
2314 888 2633 960 quorum

555 969 817 1042 notitia
873 971 1103 1042 virtus
1172 994 1267 1041 ne
1339 966 1661 1068 plantari
1715 966 2062 1063 quidem,
2136 967 2416 1039 nedum
2471 993 2634 1066 per-

554 1073 746 1147 fecta
789 1098 946 1144 esse
986 1090 1272 1173 potest,
1328 1070 1872 1171 comparanda,
1928 1071 2441 1143 conservanda
2487 1097 2633 1142 am-

557 1176 1159 1282 plificandaque
1175 1196 1313 1251 est.
1392 1178 1678 1274 Nempe
1751 1175 1826 1272 2)
1880 1175 2185 1247 remotis
2239 1176 2370 1267 iis,
2446 1201 2633 1273 quae

560 1279 957 1354 salutarem
1010 1283 1529 1379 cognitionem
1558 1279 2058 1379 praepediunt
2117 1296 2638 1378 corrumpunt·

557 1412 693 1478 ve,
765 1382 1176 1467 obstaculis
1218 1383 1329 1485 (§
1357 1387 1639 1480 -.529),
1714 1400 1789 1457 et
1833 1383 2229 1477 adhibitis,
2302 1408 2494 1479 quae
2549 1380 2642 1453 ad

561 1488 786 1563 fidem
846 1487 1291 1560 firmandam
1343 1489 1666 1576 faciunt,
1720 1486 2069 1560 subsidiis
2110 1491 2226 1583 (5.
2268 1493 2482 1579 240.)
2530 1514 2645 1558 ur·

567 1593 806 1695 genda
836 1594 1268 1692 cumprimis
1302 1598 1368 1685 a)
1393 1596 1669 1665 notitia
1699 1607 1773 1664 et
1795 1608 1993 1664 certa
2016 1591 2112 1662 fid
2125 1618 2199 1663 es
2230 1595 2647 1664 veritatum

567 1696 1753 1798 moralitatisfundamentalium
1777 1696 1875 1797 (5.
1899 1699 2070 1772 555.
2076 1694 2143 1792 )3
2191 1695 2360 1766 item
2403 1693 2481 1785 b)
2531 1720 2647 1767 co-

569 1800 818 1900 gnitio
852 1802 1003 1873 Dec
1039 1802 1144 1899 (5.
1178 1804 1350 1879 255.
1377 1826 1488 1897 sq.
1496 1806 1571 1890 ),
1623 1804 1748 1872 .ςαί
1787 1804 2020 1898 ipsius
2064 1805 2177 1895 (5.
2222 1802 2401 1885 504.
2448 1805 2649 1896 sq),

569 1907 952 1980 hominum
977 1906 1413 2005 generatim,
1443 1928 1890 2005 eorumque,
1913 1903 2351 2001 quibuscum
2377 1904 2652 1975 arctius

569 2010 944 2084 nectimur
980 2012 1086 2109 (5.
1120 2010 1295 2108 475.
1327 2033 1437 2104 sq.
1448 2006 1517 2104 );
1573 1998 1848 2081 deinde
1884 2007 2152 2080 mundi
2188 2008 2314 2099 (cf.
2346 2013 2424 2103 5
2446 2010 2653 2097 500.)

572 2129 648 2186 et
673 2114 860 2207 sinis
893 2138 1302 2215 nexusque
1337 2113 1620 2184 entium
1664 2129 2084 2199 creatorum
2126 2137 2294 2184 cum
2326 2113 2532 2202 Deo,
2589 2125 2662 2181 et

571 2218 769 2291 inter
812 2243 927 2313 se3
972 2234 1191 2315 atque
1229 2215 1406 2288 inde
1455 2214 1899 2289 deducenda
1938 2215 2578 2338 perficiendaque·
2589 2212 2659 2311 c)

574 2322 905 2421 cognitio
940 2318 1374 2417 officiorum
1411 2336 1570 2392 tum
1608 2324 2137 2414 communium,
2175 2337 2333 2395 tum
2361 2322 2662 2417 specia-

578 2429 762 2499 lium
788 2452 955 2523 erga
985 2426 1252 2516 Deum,
1277 2448 1359 2496 se
1381 2427 1622 2520 ipsum
1642 2452 1738 2498 ac
1757 2427 1992 2514 alic-5⁸5
2026 2425 2201 2497 item
2229 2426 2424 2497 circa
2449 2439 2664 2496 mun·

576 2530 761 2602 dum
789 2544 862 2599 et
891 2526 1232 2601 animalia
1275 2533 1564 2601 ratione
1608 2529 1805 2600 haud
1851 2528 2182 2627 praedita
2222 2530 2352 2621 (cf.
2379 2529 2452 2629 §.
2486 2529 2665 2605 300.

578 2651 653 2705 et
688 2633 940 2726 586.);
1010 2631 1508 2705 consectanda
1553 2634 1989 2732 praesertim
2030 2632 2664 2728 instaurandaque

580 2734 661 2833 d)
700 2737 1028 2837 cognitio
1061 2742 1382 2809 motivor
1386 2764 1513 2807 um
1539 2753 1614 2809 et
1646 2740 2318 2810 incitamentorum
2352 2738 2445 2810 ad
2480 2739 2667 2808 haec

578 2840 818 2914 officia
856 2842 998 2913 rite
1036 2840 1516 2938 exequenda3
1559 2841 2009 2936 demumque
2045 2840 2559 2963 comparanda
2593 2837 2661 2936 e)

575 2935 840 3018 notitia
856 2961 1005 3020 tum
1025 2945 1115 3017 de
1139 2945 1392 3018 indole
1410 2949 1700 3016 motivis
1753 2969 1851 3016 ue
1867 2950 2172 3018 virtutis
2184 2945 2327 3027 clu·
2329 2949 2666 3017 istianae

583 3057 697 3146 (5.
758 3062 926 3136 142.
969 3055 1159 3147 sq.)‚
1217 3067 1372 3121 tum
1418 3047 1511 3120 de
1555 3048 1676 3122 ossi
1756 3075 1967 3121 orum
2008 3047 2667 3151 praevaricationi-

579 3152 718 3226 bus
740 3209 759 3243 ,
794 3157 1151 3245 peccatis
1173 3156 1559 3253 vitiisque,
1605 3178 1863 3225 eorum
1898 3158 2158 3227 causis
2192 3170 2266 3226 et
2301 3152 2670 3225 remediis
2732 3150 2742 3161 '

587 3256 681 3356 (5.
735 3259 908 3352 157.
945 3261 1113 3354 sq..)
1168 3258 1406 3328 Porro
1452 3256 1531 3352 3)
1575 3256 1984 3330 curandum
2029 3257 2274 3330 modis
2316 3256 2667 3330 omnibus

586 3376 734 3450 est,
791 3377 871 3432 ut
905 3360 985 3430 id
1025 3387 1252 3458 genus
1286 3364 1647 3458 cognitio,
1683 3365 1756 3451 a)
1783 3379 2137 3458 quantum
2175 3362 2335 3434 fieri
2372 3374 2665 3462 potest,

585 3478 835 3581 cerui,
868 3462 1109 3554 clara,
1133 3464 1523 3556 distincta,
1548 3464 1742 3536 bene
1764 3466 2161 3554 ordinata,
2194 3469 2378 3559 viva,
2408 3464 2679 3536 efficax·

585 3567 1067 3666 practicaque
1113 3566 1509 3664 reddatur3
1577 3567 1657 3665 b)
1716 3582 1794 3638 ut
1848 3570 1938 3641 ab
1995 3570 2340 3643 omnibus
2399 3566 2671 3641 errori-

583 3671 724 3744 bus
769 3687 842 3742 et
875 3667 1085 3743 malis
1120 3671 1598 3770 praejudiciis
1641 3669 1751 3770 (5.
1794 3674 1966 3793 695.
1974 3683 2026 3766 ),
2063 3699 2270 3772 ραι-α
2300 3690 2374 3745 et
2406 3678 2669 3745 immu-

587 3781 706 3849 nis
746 3792 1121 3869 servetur3
1190 3776 1366 3847 item
1412 3776 1484 3872 c)
1533 3793 1609 3848 ut
1651 3779 1946 3871 rejectis
1987 3779 2502 3877 superatisque
2553 3800 2668 3844 va·

587 3881 682 3951 rii
719 3906 1006 3979 genens
1048 3833 1168 3978 (5.
1202 3902 1367 3975 700.
1412 3887 1558 3977 sq.)
1599 3876 2193 3978 ἰῖῐιρεάἰηιεηιίε,
2231 3882 2446 3954 malis
2487 3877 2667 3950 alio·

588 4009 750 4054 rum
806 3984 1164 4057 doctrinis
1210 3984 1722 4084 exemplisque
1767 3985 1858 4057 ad
1906 4012 2140 4059 unam
2179 3989 2504 4096 maxime
2539 4007 2671 4054 ra·-

592 4089 820 4157 tionis
855 4104 932 4159 et
970 4089 1347 4185 evangelii
1380 4114 1716 4162 normam
1755 4090 2111 4188 exigatur,
2157 4107 2231 4165 et
2271 4118 2404 4213 per
2440 4087 2669 4159 fidem

594 4186 1037 4263 revelationi
1069 4192 1479 4269 adhibitam
1516 4191 1807 4294 aliaque
1840 4183 2346 4271 sustentacula
2387 4198 2493 4291 (5.
2518 4187 2669 4265 236
