2846 4770
513 399 633 473 164
660 395 917 484 Officia
937 383 1219 476 special.
1242 398 1407 448 cert.
1433 395 1640 447 aetat.
1658 350 1912 454 condit.
1930 397 2056 448 ete.
2076 386 2259 451 bom.
2280 383 2461 453 Seet.
2484 362 2583 451 11'.

509 568 640 643 sed
686 569 909 638 etiam
948 568 1020 652 e)
1061 575 1391 632 errantes
1435 573 1511 631 et
1549 557 1773 630 rudes
1817 559 1895 630 in
1935 558 2203 660 spiritu
2253 558 2613 633 lenitatis·

507 700 595 747 ac
649 662 1606 742 mansuetudinis-comiter
1659 663 2014 756 instruat,
2071 664 2399 764 corrigat
2430 665 2582 756 ³²);

508 776 798 878 paucis:
856 774 953 843 ita
1000 786 1201 867 agat,
1249 784 1328 840 ut
1367 791 1618 838 veram
1659 768 2099 866 sapientiam
2136 771 2299 859 *⁴⁶25
2336 794 2414 841 se
2450 765 2582 839 ha-

507 882 686 954 bere
727 877 935 949 factis
978 898 1274 970 quoque
1316 869 1803 948 demonstret.

587 1026 649 1109 ²⁸¹)
700 1022 919 1111 Quare
956 1016 1301 1079 temerarie
1335 1035 1625 1098 prorsus,
1672 1015 1803 1079 imo
1838 1017 2060 1102 inique
2090 1030 2320 1100 agunt,
2363 1013 2424 1098 a)
2464 1017 2579 1101 qui

673 1107 844 1170 haud
884 1105 1033 1166 satis
1068 1103 1366 1164 instructi
1400 1103 1675 1163 aliorum
1716 1103 2042 1166 doctrinas
2077 1104 2464 1186 dijudicare,
2511 1117 2584 1166 et

678 1213 970 1257 censura
1013 1195 1253 1271 iniqua
1291 1203 1481 1272 atque
1518 1192 1827 1270 partium
1864 1194 2097 1254 studio
2133 1194 2394 1276 infecta
2432 1211 2586 1272 per·
2681 1239 2688 1244 .

679 1281 1024 1360 stringere,
1060 1291 1168 1336 aut
1200 1296 1322 1358 per
1354 1273 1663 1356 judicium
1699 1274 2067 1339 decretorie
2098 1274 2584 1361 pronuntiatum

677 1365 784 1430 vel
816 1362 1097 1436 auctori,
1142 1362 1248 1423 vel
1285 1360 1690 1444 reipublicae
1723 1360 2076 1427 litterariae
2114 1384 2346 1427 noxam
2380 1361 2586 1425 infer·

674 1474 783 1531 re;
847 1448 1231 1533 praesertim
1274 1445 1342 1531 b)
1390 1448 1502 1531 qui
1559 1447 1783 1531 primis
1826 1446 2183 1533 'religionis
2233 1448 2582 1533 principiis

677 1539 788 1602 vix
830 1535 1068 1598 leviter
1115 1536 1329 1606 tincti,
1388 1533 1805 1596 nihilominus
1849 1536 2192 1621 religionis
2236 1534 2587 1598 revelatio·

678 1625 861 1686 nisve
910 1641 1220 1683 censores
1263 1619 1640 1703 judicesque
1687 1640 1918 1704 agere,
1977 1642 2051 1684 ac
2095 1622 2297 1686 veluti
2344 1643 2425 1684 ex
2473 1621 2588 1684 tri·

676 1709 850 1794 pode
890 1707 1216 1770 doctrinas
1257 1706 1597 1788 religionis
1637 1708 1759 1793 jam
1800 1706 2103 1781 definire,
2169 1709 2291 1792 jam
2329 1708 2590 1781 damna-

675 1818 788 1869 re,
834 1797 958 1877 jam
1002 1794 1358 1876 explodere
1395 1792 1459 1852 in
1504 1792 1928 1861 conventibus
1967 1795 2587 1881 scriptisque-etiam

677 1882 954 1966 publicis
992 1881 1250 1945 audent.
1515 1881 1519 1885 ’

593 2007 696 2091 W)
743 2009 888 2067 Etsi
928 2007 1217 2069 veritatis
1256 2007 1638 2089 propagatio
1675 2027 1918 2068 summe
1959 2020 2027 2069 et
2063 2007 2432 2093 necessaria
2472 2027 2585 2089 ge·

608 2124 612 2128 >
673 2093 945 2155 neratim
994 2095 1077 2154 sit
1121 2108 1186 2155 et
1232 2093 1600 2159 laudabilis:
1647 2093 1843 2155 multa
1878 2107 2110 2167 tamen,
2158 2095 2345 2156 etiam
2385 2113 2542 2156 vera
2571 2136 2590 2166 ,

680 2194 861 2251 sunt,
910 2201 1073 2265 quae
1112 2180 1177 2246 in
1222 2181 1419 2242 certis
1457 2179 1771 2260 adjunctis
1809 2177 2109 2261 proferre
2143 2195 2249 2241 aut
2268 2181 2583 2256 justitia,

682 2281 791 2329 aut
828 2269 1174 2344 charitas,
1220 2279 1329 2328 aut
1365 2278 1547 2327 certe
1576 2267 1947 2348 prudentia
1985 2266 2291 2349 prohibet
2325 2263 2446 2345 53).
2505 2264 2593 2326 At

679 2373 841 2415 vero
878 2353 1189 2413 immensa
1235 2350 1564 2414 scribendi
1602 2348 1804 2411 libido
1859 2350 1925 2411 in
1961 2353 2289 2435 publicum
2332 2363 2593 2434 protru-

682 2439 777 2499 dit
812 2438 974 2499 varii
1009 2439 1272 2520 generis
1311 2437 1797 2512 schediasmate,
1842 2442 2025 2522 queis
2062 2439 2120 2521 a)
2156 2443 2449 2503 crimina
2487 2457 2592 2498 oc-

682 2524 856 2586 culta
901 2537 1170 2586 aeterno
1217 2524 1498 2607 tegenda
1545 2524 1806 2585 silentio
1850 2526 1917 2585 in
1965 2526 2292 2608 publicum
2338 2539 2593 2607 protra-

615 2625 620 2636 “
683 2612 959 2686 huntur3
1007 2610 1073 2688 b)
1117 2611 1458 2693 pudendae
1496 2610 1779 2671 libidinis
1832 2628 2116 2674 monstra
2153 2612 2314 2675 vivis
2355 2609 2594 2672 colori-

679 2695 800 2759 bus
840 2696 1316 2779 depinguntur3
1377 2699 1437 2782 c)
1473 2717 1810 2780 personae
1842 2699 2198 2779 publicae,
2246 2718 2590 2781 aquarum

683 2783 1065 2846 auctoritate
1097 2784 1283 2845 'salus
1329 2783 1586 2866 publica
1628 2780 1909 2865 pendet,
1976 2786 2329 2848 contemtui
2376 2782 2596 2867 propi·
2800 2801 2801 2848 1

621 2918 629 2931 .
680 2882 950 2941 nantur3
1002 2869 1070 2949 d)
1110 2870 1701 2952 periculosissimae
1738 2869 2126 2950 hypotheses
2167 2885 2235 2934 et
2271 2872 2592 2954 principia
2800 2869 2801 2894 ¹

679 2974 814 3019 tum
856 2955 1165 3039 religiosa
1202 2971 1334 3019 tum
1371 2956 1631 3039 politica
1653 2998 1670 3028 ,
1713 2953 1884 3017 forte
1921 2957 2030 3017 uni
2069 2956 2592 3019 doctissimorum

683 3043 923 3124 judicio
971 3042 1412 3122 subjicienda,
1456 3040 1650 3124 lippis
1697 3053 1762 3102 et
1808 3042 2214 3117 tonsoribus,
2259 3044 2485 3126 pueris
2526 3056 2597 3107 et

648 3128 871 3192 ⁴minis
914 3126 1321 3206 dijudicanda
1358 3126 1567 3210 palam
1607 3144 2097 3208 proponuntur3
2161 3129 2223 3211 e)
2262 3151 2335 3192 ea
2360 3174 2378 3202 ,
2424 3149 2588 3213 quae

680 3214 864 3294 vulgi
902 3227 1154 3295 ceptum
1195 3226 1589 3296 exsuperant
1633 3226 1699 3273 et
1736 3211 1905 3275 haud
1949 3216 2073 3278 rite
2114 3211 2451 3277 intellecta
2495 3215 2591 3275 in-

681 3298 981 3379 gentibus
1042 3300 1378 3372 abusibus,
1440 3298 1853 3374 tumultibus,
1919 3302 2251 3364 erroribus
2300 3301 2590 3363 occasio-

623 3430 627 3434 >
680 3404 832 3446 nem
876 3385 1194 3466 praebere
1240 3384 1513 3459 debent,
1560 3385 1849 3449 studiose
1892 3388 2227 3450 hominum
2257 3388 2438 3473 plebi
2484 3409 2588 3452 va-

681 3469 797 3531 riis
833 3470 1043 3531 modis
1083 3472 1519 3534 obtruduntur
1554 3486 1680 3535 etc.

2799 2523 2801 2540 A

2800 2557 2801 2576 1

2800 2645 2801 2664 1

2800 2679 2801 2688 η

2800 2691 2801 2728 1

557 3583 560 3592 '
596 3597 740 3684 ’Νὴ
787 3597 987 3691 »Quis
1022 3601 1298 3683 sapiens
1334 3615 1401 3663 et
1439 3589 1884 3682 disciplinatus
1921 3600 2093 3662 inter
2126 3597 2294 3665 vos?
2354 3598 2590 3662 Osten-

679 3683 821 3745 »dat
879 3707 961 3745 ex
1008 3686 1172 3764 bona
1233 3688 1729 3759 conversatione
1793 3688 2240 3768 operationem
2299 3708 2477 3746 suam
2525 3686 2591 3745 in

679 3772 1203 3834 »mansuetudine
1268 3773 1644 3857 sapientiae.
1738 3772 1934 3869 Quod
2013 3774 2227 3836 zelum
2305 3792 2590 3834 amarum

596 3944 705 4023 52)
752 3945 1071 4009 Proverb.
1116 3947 1354 4013 xxvl.
1408 3965 1511 4010 12.
1569 3950 1758 4011 Rom.
1810 3947 1946 4007 XII.
2002 3968 2096 4030 ¹7·
2141 3949 2227 4007 ΙΙ.
2278 3943 2577 4007 Corinth.

684 4031 799 4089 xl.
841 4055 939 4118 ¹9·
979 4031 1123 4093 Gal.
1159 4033 1271 4100 Vl.
1312 4055 1367 4099 1.
1406 4032 1599 4097 Ecch
1631 4034 1835 4101 XXV.
1880 4033 1976 4101 13.
2015 4054 2155 4117 sqq.

547 4147 552 4150 Δ
605 4112 719 4197 35)
764 4115 863 4181 Cf.
899 4117 1222 4181 Lamindi
1249 4120 1560 4197 Pritani,
1607 4132 1723 4181 seu
1757 4121 2146 4186 Muracorii
2181 4117 2262 4180 de
2300 4116 2590 4200 ingenim·

686 4221 829 4264 rum
860 4202 1303 4272 moderatione
1340 4203 1387 4266 l.
1430 4206 1508 4266 11.
1549 4222 1601 4274 c.
1647 4230 1702 4269 ι.
1743 4224 1880 4290 sqq.
