2846 4770
528 150 541 183 X
612 194 615 195 γ

547 337 626 400 ιδ
850 337 961 398 -De
996 335 1253 423 qffi’ciis
1278 332 1628 402 ‘certor-*um
1666 347 1998 405 statuum.
2037 333 2214 409 ὅσα.
2252 335 2309 398 I.

541 510 781 609 quivis
832 523 914 582 ut
962 508 1042 580 in
1088 509 1351 607 quovis
1389 504 1583 601 alio,
1647 509 1749 584 ita
1790 524 1865 583 et
1902 511 1980 581 in
2028 507 2176 584 hoc
2214 522 2408 585 statu
2453 506 2622 610 plu·
2677 564 2684 570 -

541 641 621 686 ra
684 612 830 687 sibi
869 612 1667 712 supportandalonera
1723 630 1798 686 et
1844 613 2197 713 quasdam
2242 610 2623 688 molestias

533 718 677 791 sibi
727 716 1192 791 devorandas
1236 743 1396 791 esse
1444 742 1585 816 pro
1628 733 1833 791 certo
1880 716 2463 815 habeat‚,atque
2502 717 2623 799 id-

538 824 742 895 circo
791 823 885 894 ad
925 847 1044 893 eas
1090 822 1382 909 fortiter
1423 820 1818 913 ferendas,
1875 839 1949 894 et
1990 818 2347 895 ad‘status
2398 823 2614 920 hujus

543 925 820 1018 officia,
890 925 983 997 iis
1031 925 1389 999 molestiis
1439 925 1744 1023 insuper
1790 924 2065 999 habitis
2082 977 2140 1013 ,⁵
2180 942 2435 1001 exacte
2476 929 2619 998 im·

536 1029 813 1129 plenda
858 1029 1186 1101 animum
1226 1030 1369 1103 rite
1407 1046 1942 1129 praeparatum·
1973 1029 2272 1102 adferre-
2305 1044 2613 1128 satagat.

615 1192 680 1280 ἰ)
739 1195 797 1273 ι)
849 1192 1103 1286 Quanta
1146 1194 1312 1256 mala
1356 1215 1441 1257 ex
1483 1207 1927 1274 praematuro
1974 1209 2041 1258 et
2085 1216 2168 1258 ex
2220 1193 2617 1278 imprudenti

584 1294 589 1301 '
666 1280 787 1344 *de
832 1280 1054 1342 futuro
1112 1281 1528 1342 matrimonio
1589 1281 1917 1364 cogitandi
1976 1282 2420 1364 tractandique
2464 1304 2620 1364 pru-

694 1369 828 1429 ritu
868 1379 1388 1450 consequantur,
1452 1388 1750 1452 quaeque
1808 1388 1939 1428 non
1997 1369 2065 1429 in
2126 1369 2438 1450 conjuges
2477 1383 2618 1429 tan-

596 1505 601 1509 .
701 1470 871 1528 tum,
918 1454 1034 1519 sed
1076 1454 1144 1513 in
1185 1453 1498 1528 familias,
1546 1453 1828 1528 liberos,
1873 1455 2336 1537 rempublicam
2371 1455 2615 1535 ipsam,

703 1534 894 1623 atque
932 1540 1226 1623 inprimis
1264 1544 1330 1600 in
1368 1540 1796 1602 moralitatem
1832 1541 2252 1623 redundent‚.
2286 1555 2475 1602 certa⁴
2501 1540 2621 1601 tri·

602 1702 609 1709 ι
706 1628 951 1710 stisqu'e
1012 1626 1416 1709 experientia
1478 1627 1630 1688 satis
1675 1626 2094 1689 demonstrat.
2166 1629 2231 1721 2)
2281 1627 2475 1688 Aetas
2521 1626 2623 1707 ju-'

590 1750 601 1767 ι
702 1714 938 1781 venilia
978 1726 1193 1787 caste,
1252 1713 1643 1774 innocenter
1678 1726 1746 1775 et
1778 1713 2229 1777 honestissime
2271 1710 2407 1776 acta
2451 1712 2617 1796 opti·-

646 1796 649 1799 ’
698 1821 800 1860 ma
837 1799 915 1860 ad
956 1797 1165 1860 fausta
1201 1798 1523 1881 connubia
1558 1812 1658 1860 est
1694 1801 2125 1883 praeparatiO.

536 2003 543 2011 ,
622 1945 723 2032 **)
782 1946 837 2026 ι)
888 1944 1225 2027 Coniugiis
1269 1947 1376 2028 pie
1426 1946 1885 2031 sapienterque
1932 1945 2269 2027 ineundis;
2316 1949 2471 2010 item
2508 1967 2619 2010 ex-

704 2032 964 2115 plendis
1013 2046 1212 2093 status
1272 2033 1464 2113 hujus
1512 2031 1781 2108 officiis,
1844 2049 2034 2118 atque
2080 2030 2423 2119 conjugum
2468 2034 2617 2096 feli·

708 2119 888 2180 citati
921 2117 1240 2179 librorum
1275 2120 1752 2182 romanensium
1790 2121 2229 2202 quorundam,
2276 2121 2386 2205 qui
2424 2120 2620 2198 falsas

707 2219 774 2267 et
821 2204 1079 2268 modum
1127 2227 1381 2268 omnem
1445 2207 1841 2268 excedentes
1887 2207 2008 2270 hac
2053 2207 2136 2270 de
2181 2229 2255 2270 re
2300 2208 2478 2270 ideas
2520 2207 2622 2267 in-

706 2311 1028 2374 generare
1064 2292 1312 2365 solent,
1359 2293 1706 2356 lectionem
1741 2293 1911 2355 haud
1945 2316 2169 2376 parum
2208 2292 2483 2357 officere
2521 2293 2622 2354 in-

652 2388 656 2393 ’
706 2378 970 2439 dubium
1013 2393 1134 2441 est.
1198 2379 1263 2460 2)
1309 2382 1381 2440 In
1425 2379 1711 2442 ineundo
1746 2380 2154 2443 matrimonio
2194 2380 2489 2463 inprimis
2525 2381 2626 2464 ju-

707 2465 919 2527 stitiae
943 2485 1015 2526 sc
1040 2466 1432 2529 sinceritatis
1456 2468 1641 2552 leges
1664 2469 1888 2548 stricte
1916 2467 2293 2540 servandae,
2336 2481 2405 2527 ut
2427 2464 2628 2546 spon-'-

710 2550 765 2611 si
799 2552 1164 2615 nullatenus
1204 2553 1471 2629 fraude,
1518 2549 2053 2636 promissionibus
2084 2552 2273 2624 fictis,
2321 2566 2429 2613 aut
2470 2550 2618 2611 aliis

648 2707 651 2708 ⁷
705 2638 916 2699 modis
959 2635 1028 2701 se
1069 2640 1433 2723 decipiant3
1483 2640 1747 2722 expedit
1786 2636 1997 2722 potius
2039 2660 2117 2701 ea
2152 2638 2619 2723 omnia·,-quae
2659 2719 2660 2722 Ἴ

703 2725 873 2788 scire
911 2726 1179 2796 alterius
1213 2728 1526 2802 interest,
1572 2740 1761 2789 antea
1800 2724 2262 2791 manifestare.'
2589 2751 2596 2756 ·

1448 2920 1507 3002 §.
1552 2916 1701 3005 595.

725 3045 796 3106 F
790 3047 1713 3129 undamentum'ffciorum
1749 3051 1981 3103 status
2019 3034 2436 3128 conjugilll's.

737 3199 1125 3271 Societatis
1170 3198 1493 3295 cujusvis
1537 3200 1694 3294 jura
1746 3198 2177 3301 officiaque3
2231 3204 2416 3284 item*
2454 3206 2613 3300 ejus

427 3314 431 3318 “
535 3298 843 3376 indoles
873 3302 1169 3395 eac-fine
1210 3300 1542 3398 ejusdem
1582 3318 1653 3374 et
1681 3318 1920 3399 pacto
1958 3306 2231 3379 sociali
2267 3306 2618 3382 determi⁴

537 3421 836 3482 nantur.
907 3404 1115 3475 Idem
1168 3406 1517 3502 equidem
1567 3406 1645 3477 in
1697 3424 1887 3480 statu
1941 3410 2312 3509 ,conjugali
2355 3410 2610 3486 locum

537 3531 837 3605 quoque
860 3504 1120 3588 habet:
1168 3525 1487 3590 attamen
1526 3526 1678 3582 tum
1696 3511 1887 3605 finis
1921 3513 2278 3610 ejusdem,
2316 3531 2474 3588 tum
2505 3519 2618 3587 in·-

537 3612 756 3683 doles
793 3611 1038 3709 quoad
1080 3614 1187 3684 rei
1225 3589 1705 3687 substantiam
1742 3618 1885 3711 jam
1928 3614 2089 3715 lege
2128 3614 2439 3690 naturali
2480 3644 2616 3717 po-

536 3716 898 3813 sitivaque
939 3714 1232 3808 divina,
1287 3718 1438 3790 imo
1475 3719 1801 3790 humana
1833 3721 1978 3814 jam
2020 3722 2327 3798 nasum
2369 3722 2617 3794 deter-

534 3820 857 3913 minata,
931 3834 1012 3891 ut
1063 3843 1098 3889 a
1157 3824 1758 3895 contrahentium
1814 3824 2120 3917 arbitrio
2176 3824 2612 3924 haudpeu-

537 3922 788 3998 deant.
885 3924 1256 4013 Quocirca
1329 3930 1562 3999 status
1636 3926 2041 4025 conjugalis
2114 3926 2303 4020 alio,
2389 3954 2615 4026 quam

539 4027 666 4122 qui
720 4053 854 4124 per
907 4027 1036 4098 has
1092 4026 1288 4126 leges
1346 4030 1881 4110 determinatus
1938 4048 2084 4123 est,
2153 4027 2382 4106 modo
2435 4031 2612 4105 iniri

536 4156 638 4223 ne
675 4128 915 4236 valide
963 4130 1265 4227 quidem
1321 4150 1592 4234 potest.
1643 4134 1826 4214 -Jam
1874 4159 2058 4209 vero,
2099 4141 2175 4229 1)
2210 4125 2439 4237 quum
2475 4163 2614 4238 per
