2846 4770
216 369 283 440 C,
302 373 376 439 V,
399 369 571 432 Art.
597 366 654 433 Ι.
674 363 791 463 De
817 361 1371 448 obligationibus
1389 365 1748 452 imperant.
1770 374 1840 429 et
1857 365 2198 433 subdit&-
2226 364 2317 459 5'9

227 557 499 622 stratus
557 542 860 616 civesve
915 566 1091 615 suos
1144 555 1501 617 externae
1555 541 1942 636 civitates,
2014 558 2139 617 aut
2194 569 2317 618 eo·

218 662 389 722 rum
429 643 772 719 membra
816 642 1183 719 ullatenus
1224 643 1656 741 laedantur3
1707 652 1789 737 2)
1815 663 1895 719 ut
1917 646 2068 721 fors
2098 646 2314 723 laesis

215 768 517 854 promta
560 753 907 849 justaque
945 752 1351 824 satisfactio
1394 764 1859 851 praestetur3
1912 750 1994 847 3)
2040 768 2117 825 ut
2160 777 2315 827 non

215 861 505 958 justum
547 853 822 945 modo,
879 858 1012 929 sed
1064 879 1385 952 aequum
1436 859 1700 946 etiam,
1771 879 1855 927 ac
1897 854 2318 930 beneficum

220 961 512 1033 exteris
547 985 627 1030 se
667 958 1057 1056 praebeat,
1113 958 1381 1031 iisdem
1417 957 1613 1031 salva
1651 957 2106 1058 reipublicae
2142 987 2318 1034 suae

226 1063 475 1137 salute
514 1063 594 1131 in
632 1060 1186 1135 necessitatibus
1227 1060 1570 1137 lubenter
1609 1080 2036 1157 succurrat,
2092 1084 2314 1164 atque

222 1166 716 1240 humanitatis
770 1164 970 1265 leges
1015 1193 1183 1266 erga
1230 1168 1534 1239 eosdem
1577 1182 1653 1239 et
1691 1167 1849 1267 ipse
1897 1184 2182 1261 servet,
2238 1186 2313 1243 et

229 1296 276 1344 a
317 1271 471 1343 suis
514 1271 793 1342 servari
838 1286 1086 1358 curet;
1142 1286 1361 1368 atque
1405 1272 1508 1344 ita
1548 1277 1629 1358 4)
1668 1296 2145 1372 pacemcum
2191 1288 2315 1346 exi·

224 1375 469 1451 ternis
515 1374 712 1447 colat
752 1389 827 1445 et
867 1375 1153 1467 foveat,
1208 1374 1516 1449 dissidia
1560 1375 1712 1448 fors
1753 1391 1922 1447 nata
1974 1378 2085 1448 via
2133 1378 2315 1450 ami-

223 1477 460 1554 cabili
529 1503 991 1577 componere
1063 1476 1492 1572 adlaboret,
1565 1505 1706 1553 nec
1771 1504 2095 1576 unquam
2170 1482 2317 1553 nisi

230 1582 400 1656 aliis
471 1583 824 1656 remediis
896 1584 1101 1682 prius
1169 1586 1514 1675 tentatis,
1592 1600 2003 1656 etssumma
2072 1581 2316 1657 solum

235 1688 682 1760 necessitate
746 1686 1046 1759 adactus
1114 1683 1394 1759 bellum
1460 1685 1770 1766 inferam
1846 1701 2174 1758 ceterum
2230 1688 2316 1779 5)

236 1789 553 1864 foedera
601 1816 684 1863 ac
726 1788 1254 1889 pacem'salvis
1295 1788 1680 1889 religionis
1727 1806 1804 1862 et
1844 1789 2165 1886 justitiae
2209 1787 2318 1861 le·

228 1893 450 1996 gibus
491 1894 748 1983 faciat,
805 1910 880 1966 et
917 1892 1381 1967 sanctissime
1419 1908 1667 1966 servet
1703 1895 1808 1986 *).
1921 1924 1926 1927 ⁴

228 2062 231 2065 “
313 2035 379 2118 ⁸)
429 2040 531 2101 Ex
578 2039 972 2124 gravissimis
1014 2040 1194 2103 hisce
1255 2036 1707 2123 imperantium
1752 2035 1992 2101 officiis
2038 2036 2321 2119 conjice-

394 2146 476 2188 re
521 2140 983 2208 pronumest,
1046 2127 1392 2210 imperanti
1436 2126 1517 2188 ad
1572 2124 1685 2186 illa
1727 2124 1854 2187 rite
1901 2125 2315 2208 exsequenda

401 2214 1207 2277 excellentemvirtutcm
1237 2233 1510 2297 prorsus
1545 2232 1690 2275 esse
1723 2213 2176 2275 necessariam.
2217 2211 2318 2278 Cf.

407 2300 775 2380 Prodigten
822 2301 988 2367 iiber,-
1032 2301 1141 2361 di»,-
1182 2302 1523 2387 Pfliclzten
1566 2300 1687 2364 der
1729 2299 1992 2367 hohern
2033 2297 2316 2363 Stc'tade.

396 2406 470 2455 ,v-
514 2382 703 2476 Berg
745 2388 889 2454 und
922 2385 1182 2453 Zirkel.
1211 2409 1375 2473 pag.
1410 2385 1517 2456 55.

1149 2553 1211 2649 §.
1256 2559 1402 2648 6¹9.

228 2686 352 2748 111.
408 2685 660 2772 Officia
696 2692 946 2752 civium
982 2701 1048 2751 et
1091 2690 1527 2753 subditorum
1562 2688 1923 2772 generalia
1970 2686 2031 2771 ι)
2075 2711 2317 2753 versus

1046 2778 1501 2859 imperantes,-

445 2927 727 3027 Offioia
778 2936 1049 3005 civium
1089 2931 1499 3030 generatim
1542 2931 2022 3003 continentur
2064 2931 2140 2998 in
2180 2923 2322 3022 pa?

228 3037 613 3108 triotismo
652 3035 1093 3112 christiano,
1144 3036 1306 3107 Jam
1350 3059 1529 3107 vero
1556 3035 2092 3131 patriotismus
2119 3028 2319 3101 chri-

228 3143 538 3216 stianus
570 3156 679 3211 est
706 3166 913 3212 amor
936 3139 1381 3213 christianus
1415 3166 1585 3240 erga
1618 3136 1803 3210 alios
1832 3135 1931 3237 (ἕ.
1977 3147 2142 3221 140.
2172 3139 2314 3233 sq.)

235 3244 329 3315 ad
359 3244 675 3344 patriam
718 3261 792 3317 et
828 3244 1026 3317 cives
1053 3270 1224 3316 suos
1252 3245 1692 3344 applicatus,
1734 3269 1864 3315 seu
1901 3256 2013 3311 est
2039 3239 2318 3313 doctri·

233 3370 375 3418 nae
430 3365 506 3421 ‘et
559 3346 909 3448 exemplo
966 3348 1249 3420 Christi
1303 3348 1397 3439 ⁸7)
1456 3349 1800 3419 innixum
1859 3344 2187 3418 studium
2244 3356 2321 3415 et

231 3452 744 3550 propositum,
804 3477 1203 3526 commune
1247 3452 1566 3524 civitatis
1604 3450 1885 3524 bonum
1932 3476 2068 3549 per
2109 3472 2320 3522 cura·-

212 3569 380 3626 tam
441 3557 854 3629 civicorum
927 3556 1336 3638 officiorum
1406 3557 1960 3646 exsecutionem
2017 3577 2157 3654 pro
2213 3550 2321 3620 vi-

231 3658 440 3734 ribus
519 3659 1047 3757 promovendi.
1139 3657 1684 3758 Complectitur
1758 3673 2005 3731 autem
2079 3652 2319 3725 officia

233 3779 584 3862 respectu
625 3771 700 3855 a)
738 3768 862 3835 sui
875 3821 896 3858 ,
966 3781 1050 3837 ut
1092 3765 1188 3837 ad
1230 3787 1313 3834 ea
1358 3762 1596 3836 officia
1637 3789 1773 3861 per
1815 3758 2179 3833 culturam
2214 3754 2323 3825 fa-

238 3864 600 3943 cultatum
673 3895 752 3940 se
807 3869 969 3970 quis
1040 3868 1396 3942 idoneum
1451 3865 1759 3953 reddat3
1837 3875 2185 3959 respectu
2241 3856 2318 3951 b)

313 4103 427 4191 87)
470 4087 865 4174 'MatthsslK
907 4106 1010 4172 55.
1053 4107 1135 4171 X.
1167 4106 1229 4171 5.
1284 4127 1379 4193 sq.
1430 4103 1637 4169 xvn.
1682 4097 1785 4165 26.-
1828 4101 2033 4170 XXV.
2080 4110 2177 4178 14.
2217 4122 2317 4185 sq.

401 4194 455 4254 1.
500 4194 657 4259 Cor.
696 4194 842 4292 Xli.
884 4212 985 4260 ια.
1023 4208 1124 4274 ²7·
1163 4195 1212 4261 1.
1253 4195 1437 4260 Petr.
1478 4191 1587 4255 lv.
1632 4210 1731 4254 ιο.
