2846 4770
511 337 606 413 -64
816 338 923 400 De
959 337 1218 425 officiis
1259 348 1605 429 certor-usn
1641 345 1977 431 statuum,
2016 336 2195 404 ὅσοι.
2228 335 2290 397 Ι.
2359 344 2362 349 “

517 510 1104 611 religionemque
1162 525 1237 582 et
1287 507 1748 610 reipublicae
1810 498 2600 582 salutem‘sustentare

517 641 606 689 ac
671 642 1115 714 promovere
1183 614 1531 688 studeant
1587 620 1698 710 (S.
1748 612 2004 705 545.);
2077 614 2375 712 paucis:
2451 612 2604 685 vir·

523 720 696 792 tutis
751 722 1196 820 praecipuae
1242 719 1723 793 civicaenOn
1772 710 2050 808 solum,
2104 715 2239 790 sed
2283 734 2357 790 et
2399 715 2603 788 chri·

525 825 804 897 stianae
863 823 1304 897 excellentia
1349 841 1570 922 atque
1622 821 1930 921 optimis
1986 822 2177 895 vitae
2233 817 2601 921 exemplis

521 929 821 1001 civilem
863 930 1450 1028 praerogativam
1498 936 1841 999 tueantur
1887 939 1961 997 et
2003 924 2450 1017 nobilitent3
2515 925 2600 1024 3)

470 1091 477 1094 .
521 1033 799 1129 siquos
833 1034 975 1106 sibi
1012 1033 1353 1105 subditos
1396 1025 1764 1124 habeant,
1790 1054 1916 1102 eos
1957 1026 2307 1129 inprimis·
2340 1014 2597 1128 benig-

523 1163 660 1229 ne,
737 1139 1068 1237 aequiter
1142 1163 1226 1209 ac
1279 1136 1705 1208 humaniter
1769 1150 2129 1208 tractent:
2210 1150 2285 1206 et
2338 1128 2599 1206 eadem

524 1240 738 1332 fere,
784 1269 971 1339 quae
1013 1241 1414 1341 imperanti
1462 1240 1747 1313 ratione
1791 1236 2251 1338 reipublicae
2312 1238 2594 1310 incum-

522 1341 714 1416 bunt
760 1346 870 1446 (ἕ.
912 1348 1163 1437 613.),
1236 1344 1473 1425 officia
1520 1358 1863 1443 respectu
1909 1360 2183 1416 tractus
2238 1341 2383 1414 sibi
2429 1339 2602 1414 sub-

522 1449 739 1548 jecti,
813 1451 910 1524 ad
962 1473 1302 1522 normam
1358 1464 1606 1527 tamen
1661 1446 1908 1545 legum
1963 1444 2296 1519 civili-um
2350 1460 2604 1518 sancte

529 1551 987 1650 observenty
1037 1578 1179 1626 nec
1232 1578 1366 1653 per
1419 1579 1499 1624 se
1553 1553 1797 1650 ipsos,
1871 1576 2012 1627 nec
2063 1577 2199 1650 per
2258 1547 2607 1623 officiales

527 1681 697 1729 suos
755 1684 791 1728 a
861 1658 1178 1731 subditis
1250 1658 1553 1728 servitia
1608 1653 1862 1753 quoad
1930 1653 2416 1741 substantiam
2484 1651 2609 1725 vel

527 1763 775 1859 quoad
811 1763 1117 1835 modum
1160 1757 1536 1852 indebita,
1591 1785 1902 1859 operas,
1956 1787 2086 1832 seu
2128 1759 2445 1858 cujusvis
2484 1784 2606 1857 ge·

524 1867 726 1938 neris
785 1867 1209 1940 exactiones
1266 1880 1800 1961 extorqueant,
1871 1879 1996 1937 aut
2047 1888 2609 1964 per.·quoscun-

529 1994 673 2067 que
718 1969 1037 2068 exprimi
1079 1969 1454 2068 patiantur
1491 1973 1599 2065 *ῃ
1656 1975 1729 2059 4)
1772 1969 1927 2041 imo
1964 1971 2123 2068 jura
2174 1970 2400 2061 etiam
2417 1993 2610 2060 sua,

417 2082 424 2087 '
528 2099 595 2149 e.
665 2099 731 2170 g.
789 2073 1158 2165 venandi,
1228 2072 1619 2172 piscandi,
1691 2072 2093 2172 pascendi,
2166 2066 2616 2173 operarum,

525 2175 727 2249 haud
781 2178 1109 2250 severius
1165 2175 1599 2255 acerbiusve
1656 2193 2095 2271 exerceant,
2167 2178 2303 2263 sed
2356 2175 2612 2274 aequi-

528 2281 699 2353 tatis
736 2298 809 2354 et
848 2280 1295 2354 christianae
1335 2282 1715 2354 charitatis
1747 2282 1949 2380 leges
1993 2308 2128 2380 per
2170 2283 2416 2355 omnia
2454 2306 2615 2352 ser.-

527 2396 751 2477 ven‘t3
796 2384 876 2482 5.)
902 2383 1268 2485 subjectis
1304 2412 1480 2460 suae
1517 2385 2017 2486 jurisdictioni
2052 2388 2621 2483 justitiamlsanae

529 2505 647 2562 cte
695 2489 1255 2584 administrent,
1312 2509 1441 2565 aut
1476 2518 1611 2591 per
1644 2491 1927 2592 judices
1968 2489 2248 2587 peritos
2292 2484 2619 2585 probos-

529 2619 674 2689 que
731 2593 1238 2672 administrari
1274 2616 1597 2690 ,curent3
1670 2593 2022 2692 quocirca
2075 2594 2156 2682 6>
2211 2588 2613 2685 officiales,

524 2691 853 2796 judides,
912 2699 1389 2774 administros
1433 2717 1556 2773 aut
1599 2714 2128 2798 procuratores
2172 2696 2610 2795 imperitos,

515 2800 800 2882 ,dubiae
836 2820 959 2892 aut
997 2804 1508 2907 inexploratae
1548 2801 1947 2905 probitatis
1990 2802 2441 2876 constituere
2474 2824 2611 2870 ne-

525 2906 636 2980 fas
676 2907 954 2982 ducant
971 2937 996 3004 3
1055 2911 1143 2983 ab
1190 2912 1436 2985 officio
1478 2909 1674 2985 forte
1718 2906 2141 2980 aberrantes
2188 2906 2609 3002 corrigant,

525 3036 683 3084 non
739 3014 1175 3088 emendatos
1216 3016 1461 3088 officio
1501 3028 1910 3104 moveant:=
1948 3035 2088 3081 nec
2130 3006 2219 3082 ab
2262 3010 2353 3081 iis
2396 3032 2610 3105 prae-

527 3119 817 3209 gravari
865 3106 1204 3187 subditos
1254 3115 1541 3203 sina'nt,
1599 3111 1802 3207 quod
1858 3112 2040 3183 citra
2096 3110 2475 3213 piaculum
2533 3125 2611 3181 et

464 3245 467 3252 „
530 3214 942 3289 laesionem
1018 3242 1335 3301 suorum,
1383 3214 1744 3315 ¹permitti
1824 3216 2075 3315 utique
2145 3214 2611 3314 ·a·Domiuo

531 3320 817 3417 nequit.
1039 3311 1053 3328 “
2084 3337 2091 3346 ’

528 3525 535 3529 ’
616 3520 679 3610 ἕ)
744 3524 1179 3587 Tributorum
1226 3536 1334 3586 aut
1380 3520 1759 3608 quorumvis
1813 3522 2267 3606 vectigalium,
2326 3524 2618 3609 publica-

701 3629 928 3672 rumve
967 3609 1373 3671 exactionum
1414 3610 1819 3673 collectores
1864 3615 1921 3687 ι)
1960 3630 2090 3671 non
2122 3611 2248 3673 nisi
2287 3632 2396 3686 ea,
2442 3622 2629 3696 quae'

701 3717 827 3782 per
859 3696 1043 3778 leges
1078 3694 1276 3775 juntas
1313 3696 1792 3771 decernuntur,
1837 3697 2076 3759 tributa
2114 3698 2274 3771 citra
2310 3698 2618 3778 injustam

699 3803 1123 3868 personarum
1170 3784 1680 3867 acceptationem
1706 3827 1723 3857 ‚
1788 3797 1859 3844 ut
1901 3785 2117 3865 ajunt,
2176 3799 2285 3848 aut
2327 3784 2618 3847 vexatio-

703 3891 856 3932 nem
901 3869 1198 3953 exigant3
1267 3871 1335 3952 2)
1382 3890 1505 3933 nec
1550 3870 1754 3934 ullum
1801 3870 1981 3933 u‘ltra
2041 3871 2196 3953 justi
2231 3873 2424 3955 leges
2452 3892 2622 3955 ¹gra·

708 3969 901 4030 τουπ,
943 3977 1158 4040 neque
1205 3957 1398 4020 etiam
1445 3956 1595 4019 inde
1641 3957 1883 4032 ullum,
1946 3957 2073 4018 nisi
2116 3977 2260 4020 cum
2306 3973 2623 4041 expressa

709 4055 818 4106 aut
862 4043 1212 4125 justissime
1259 4056 1625 4128 praesumta
1683 4042 2059 4127 imperantis
2104 4045 2439 4110 voluntate
2485 4045 2630 4107 exi-

707 4142 919 4204 mant3
978 4128 1044 4211 5)
1071 4128 1216 4194 'nec
1261 4131 1451 4193 donis
1497 4130 2247 4212 remunerationibustsve,
2306 4151 2444 4218 neo*
2475 4131 2628 4195 aliis
