2846 4770
509 325 639 411 564
656 335 767 399 De
788 325 1033 402 christ.
1052 340 1295 401 virtut.
1309 311 1896 423 perfectionisque
1917 333 2278 400 subsidii&
2298 335 2489 401 θεοῖ.
2505 328 2612 401 II.

412 513 417 518 ⁴
514 538 684 613 erga
709 513 1010 584 Patrem
1054 510 1546 585 obedientiae
1581 505 2003 610 exemplum
2047 511 2444 609 sequendi,
2484 534 2608 584 se-

510 643 664 719 que
688 617 1111 720 perfectius
1100 615 1480 688 imitandi
1473 632 1563 688 et
1587 615 1932 689 omnibus
1958 617 2118 688 suis
2133 614 2474 688 consi-liis
2505 614 2605 688 ob

508 725 869 819 majoiem
924 720 1464 821 perfectionem
1509 719 2075 846 obtemperandi
2127 723 2609 821 propositum

509 825 987 923 studiumque
1045 824 1388 897 invitavit
1447 823 1617 916 ²39):
1700 825 1848 900 »Si
1877 826 2004 898 vi's
2062 825 2440 943 perfectus
2494 852 2607 899 es-

515 941 682 1006 sse.
702 929 991 1001 vende
1029 929 1322 1002 omnia:
1366 939 1445 1003 et
1476 933 1667 1023 veni,
1703 933 2030 1031 sequere
2069 949 2212 1010 me
2227 923 2263 994 ἕ(
2303 927 2602 1002 Eodem
2697 1003 2698 1008 ,

508 1035 744 1107 ferme
799 1034 1026 1107 modo
1062 1036 1392 1107 Petrum
1450 1037 1523 1106 et
1576 1033 1950 1108 Andre-am
2007 1050 2082 1106 et
2135 1031 2326 1107 duos
2374 1019 2608 1107 Zebess-

509 1137 676 1211 daei
729 1137 917 1212 filios
973 1137 1399 1213 invitando
1420 1133 1714 1212 vocavit
1771 1139 1950 1236 ι9<))ε
2007 1136 2275 1257 quibus
2331 1129 2606 1212 itidem

505 1239 857 1343 speciale
890 1258 1288 1344 propterea
1362 1237 1781 1344 praemium
1858 1244 2205 1344 promisit
2245 1250 2416 1340 ¹9¹).
2527 1246 2605 1340 3)

508 1347 671 1421 Hoc
710 1346 1055 1447 specialis
1092 1346 1566 1422 obedientiae
1603 1365 1679 1421 et
1717 1346 2190 1422 voluntatem
2212 1348 2604 1448 propriam

505 1471 814 1552 prorsus
887 1452 1305 1552 abnegandi
1377 1450 1777 1526 consilium
1815 1455 1911 1545 a)
1981 1461 2134 1524 non
2206 1450 2452 1556 solum
2507 1448 2604 1522 ab

519 1554 879 1658 apostolis
940 1556 1367 1658 Christique
1425 1554 1815 1660 discipulis
1853 1554 2394 1656 observatum,
2469 1554 2606 1629 sed

517 1687 558 1732 a
614 1660 987 1764 plunibus
1005 1679 1355 1763 respectu
1404 1664 1949 1764 episcoporum
2005 1688 2088 1735 ac
2111 1654 2613 1779 praeposito-

508 1793 711 1858 rum,
783 1768 1220 1866 praesertim
1276 1765 1365 1838 ab
1423 1769 1689 1840 ascetis
1747 1783 1821 1840 et
1875 1751 2279 1865 viiginib'us
2336 1766 2607 1866 primis

513 1868 873 1943 ecclesiae
914 1868 1184 1943 seculis
1218 1870 1459 1944 fuerat
1493 1872 1948 1953 exercitum;
1987 1869 2064 1963 b)
2102 1872 2424 1943 subinde
2458 1867 2610 1941 cle-

508 1975 714 2065 ricis,
773 1993 845 2048 et
900 1975 1339 2076 cumprimis
1394 1975 1854 2077 legularibus
1909 1965 2216 2074 speciali
2268 1974 2612 2075 superio-

511 2078 614 2151 ris
654 2079 1054 2152 ditectioni
1095 2097 1255 2152 sese
1291 2078 1924 2186 submittentibus,
1967 2082 2356 2186 proprium
2399 2104 2608 2150 man·

515 2183 654 2275 sit,
711 2203 786 2257 et
826 2181 1242 2257 uberrimos
1286 2211 1584 2286 semper
1621 2179 2106 2286 perfectionis
2155 2173 2608 2262 christianae

506 2285 790 2360 fructus
867 2287 1220 2393 protulit,
1296 2314 1658 2387 eumque,
1731 2291 1829 2361 ad
1897 2315 2118 2387 quem
2189 2316 2229 2361 3
2301 2263 2606 2360 Christo

508 2392 862 2464 tuaditum
914 2409 1064 2481 est,
1114 2415 1429 2487 scopum
1466 2395 1541 2464 in
1575 2392 1914 2494 plurimis
1954 2393 2356 2513 promovit
2412 2393 2604 2465 Nam

506 2501 591 2585 4)
610 2496 815 2589 finis
850 2493 1095 2591 huju's
1110 2494 1409 2568 consilii
1452 2500 1772 2572 maxime
1817 2516 1970 2591 est,
2008 2515 2089 2570 ut
2122 2498 2600 2599 ignorantiae

511 2612 586 2669 ct
629 2599 1156 2699 praejudiciis3
1188 2602 1386 2674 item
1422 2584 1710 2676 levitati
1768 2556 2156 2677 hominum
2205 2604 2283 2673 in
2326 2625 2606 2700 cogno-

511 2703 809 2777 scendis
847 2760 869 2796 ,
960 2705 1549 2799 determinandis
1639 2708 2251 2807 exequendisque
2328 2703 2610 2805 agendi

506 2806 783 2908 regulis
837 2806 1110 2882 certius
1167 2806 1552 2907 caveatur3
1605 2810 1687 2897 b)
1733 2830 1811 2885 ut
1865 2811 2225 2915 abnegato
2282 2811 2599 2911 proprio
2694 2844 2700 2848 ·

504 2913 789 3011 judicio
825 2913 1264 2987 humilitatis
1306 2931 1379 2987 et
1413 2916 1860 2989 chlistianae
1901 2914 2409 3015 abnegationis
2457 2914 2604 2986 vir-

508 3033 627 3088 tus
685 3030 1163 3113 exerceatur3
1219 3034 1292 3091 et
1345 3027 1410 3112 c)
1469 3021 1813 3093 universe
1870 3018 2242 3093 lectitudo
2299 3044 2383 3090 ac
2418 3044 2602 3118 per-

507 3120 735 3194 fectio
807 3124 1187 3203 actionum
1263 3148 1351 3195 eo
1402 3126 1774 3229 securius
1814 3123 2237 3197 obtineatur
2291 3147 2601 3244 promo-

508 3241 944 3324 veaturque.
1036 3226 1386 3299 Ceterum
1430 3229 1503 3317 5)
1552 3220 1759 3302 ratio
1800 3244 1878 3301 et
1907 3232 2194 3326 praxis
2230 3226 2308 3298 id
2355 3226 2606 3300 consi-

507 3324 697 3399 lium
741 3330 1219 3429 exequendi
1199 3357 1344 3428 jam
1390 3332 1705 3406 antehac
1754 3339 1854 3431 (S.
1878 3335 2018 3429 671
2034 3338 2076 3424 .)
2115 3327 2436 3405 indicata
2465 3346 2604 3412 est.

510 3436 610 3507 At
653 3458 830 3505 vero
869 3435 946 3530 6)
1007 3435 1194 3507 haec
1236 3434 1640 3533 perfectior
1693 3437 2120 3509 obedientia
2162 3462 2312 3508 non
2349 3431 2601 3507 solum

515 3535 596 3608 in
633 3532 974 3612 instituto
1038 3536 1402 3636 regulari,
1459 3540 1594 3614 sed
1649 3568 1687 3613 3
1723 3542 2001 3660 quovis
2050 3541 2455 3612 chtistiano
2500 3537 2601 3611 ad

510 3640 928 3740 ptimorum
983 3640 1264 3716 Christi
1337 3641 1669 3720 fidelium
1741 3646 1891 3719 suis
1944 3645 2368 3749 pastoribus
2422 3669 2600 3745 per-

601 3911 747 3998 189)
790 3912 1038 3975 Matth.
1056 3916 1228 3976 XIX.
1271 3930 1374 3985 21.

599 4003 746 4084 190)
795 4000 1022 4065 Matth.
1059 4003 1169 4068 [V.
1216 3999 1308 4066 18.
1354 4024 1432 4088 sq
1435 4003 1602 4071 IX.

601 4021 747 4168 191)
793 4086 1019 4151 Matth.
1075 4089 1248 4150 XIX.
1306 4025 1547 4155 zssqcf.
1585 4027 2177 4207 όξᾰιυανκῆασῖᾳν
2223 4076 2606 4229 Religionis·-

638 4105 1045 4249 whandbuoh
1086 4176 1202 4245 IV.
1243 4174 1370 4239 Th.
1409 4171 1473 4263 §.
1513 4178 1673 4270 195..
