2846 4770
523 334 641 405 168
667 335 1222 423 Offiolae‘speoial.
1244 346 1402 393 cett.
1432 343 1638 393 aetat.
1660 332 1911 397 condit.
1940 344 2064 397 eto.
2086 311 2261 395 boin.
2286 328 2470 402 ἕσσε.
2496 326 2593 395 Π.

696 526 802 569 »re
847 502 1016 587 40),«
1080 524 1311 586 nempe
1369 519 1439 567 ut
1493 502 1785 568 modeste
1845 501 2083 585 sapiat,
2150 516 2218 566 et
2261 502 2606 565 moraliter

692 595 861 658 bene
892 606 1071 677 agat3
1118 612 1343 655 rursus
1364 590 1470 672 c):
1507 593 1686 651 »Hoc
1725 603 1933 653 autem
1974 588 2145 663 dico,
2189 603 2413 651 monet
2451 611 2605 673 apo·

693 680 936 743 »stolus
964 677 1084 761 ἀι),
1127 693 1200 746 ut
1228 699 1420 740 nemo
1454 698 1566 741 vos
1600 676 1880 760 decipiat
1914 680 1984 738 ia
2007 676 2437 741 sublimitate
2457 700 2602 738 ser-

696 788 1010 828 »monum
1039 800 1128 811 —
1162 764 1414 839 videte,
1461 785 1544 827 ne
1582 766 1724 847 quis
1765 784 1878 825 vos
1919 761 2200 844 decipiat
2235 783 2356 844 per
2393 761 2611 844 philo-

689 851 1020 934 .»sophiam
1061 862 1129 914 et
1160 850 1414 913 inanem
1450 847 1764 914 fallaciam
1800 849 2153 913 secundum
2190 847 2610 911 traditionem

698 937 1063 999 »hominum
1100 972 1189 988 -
1225 938 1580 1002 secundum
1627 951 1978 1021 praecepta
2013 948 2082 997 et
2122 934 2453 997 doctrinas
2496 935 2613 994 ho·

698 1023 1011 1098 uminum,
1073 1044 1238 1107 quae
1281 1040 1429 1087 sunt
1464 1025 1784 1086 rationem
1825 1019 2162 1107 (speciem)
2199 1020 2461 1105 quidem
2501 1020 2613 1082 ha·

700 1110 953 1173 »bentia
985 1109 1360 1193 sapientiae,
1405 1110 1473 1173 in
1511 1109 1970 1194 superstitione
2009 1111 2096 1194 (at
2127 1106 2278 1169 ficta
2313 1108 2477 1171 haec
2517 1129 2613 1169 sa-

700 1196 977 1279 »pientia
1025 1197 1239 1280 reipsa
1294 1211 1394 1259 est
1454 1194 1890 1280 superstitio);
1952 1195 2106 1257 item
2153 1192 2221 1276 d)
2269 1194 2609 1258 hortatur:

700 1285 835 1345 »Ne
875 1304 1038 1344 unus
1078 1282 1388 1346 adversus
1411 1284 1685 1346 alterum
1720 1279 1984 1344 infletur
2019 1303 2136 1364 pro
2174 1280 2301 1343 alio
2326 1331 2339 1345 .
2370 1329 2386 1345 .
2411 1300 2613 1366 quum

700 1368 911 1432 »enim
955 1369 1040 1432 sit
1081 1370 1253 1432 inter
1299 1390 1414 1432 vos
1460 1371 1644 1434 zelus
1688 1385 1755 1433 et
1798 1368 2170 1439 contentio,
2213 1387 2432 1429 nonne
2471 1366 2616 1428 car-

705 1454 920 1518 »nales
963 1455 1120 1518 estis
1163 1469 1231 1519 et
1284 1456 2007 1519 secundum'hominem
2053 1454 2387 1515 ambulatis
2428 1452 2613 1536 42)·ζι

707 1540 968 1605 demum
1006 1540 1071 1624 e)
1115 1536 1531 1607 Timotheum
1566 1543 1950 1626 Titumque,
1994 1554 2185 1624 atque
2224 1540 2291 1601 in
2334 1541 2435 1601 his
2481 1560 2614 1601 om·

704 1648 826 1692 nes
869 1628 1261 1712 praesertim
1293 1629 1636 1714 religionis
1683 1629 1990 1692 doctores
2035 1626 2339 1690 admonet
2368 1625 2616 1690 Paulus

703 1715 839 1799 43)=
901 1716 1119 1779 »Haeo
1176 1715 1344 1780 doce
1404 1731 1473 1785 et
1515 1715 1886 1782 exhortare.
1950 1713 2020 1775 Si
2064 1712 2206 1796 quis
2262 1712 2456 1774 aliter
2504 1710 2617 1772 do-

704 1815 851 1866 »cet
882 1816 951 1864 et
987 1823 1119 1875 non
1153 1802 1511 1886 acquiescit
1547 1801 1718 1864 sanis
1758 1800 2165 1864 sermonibus
2198 1798 2464 1861 Domini
2502 1818 2618 1858 no-

706 1887 862 1950 »stri
904 1889 1067 1950 Jesu
1111 1887 1388 1962 Christi,
1451 1903 1519 1952 et
1562 1887 1663 1960 ei,
1729 1888 1840 1971 qui
1895 1885 2248 1955 secundum
2302 1887 2617 1968 pietatem

708 1986 882 2048 vest,
921 1972 1294 2049 doctrinae,
1329 1974 1647 2057 superbus
1680 1988 1817 2048 est,
1850 1973 2011 2034 nihil
2048 1972 2297 2046 sciens,
2334 1971 2451 2034 sed
2485 1971 2618 2030 lan-

707 2078 952 2144 »guens
990 2062 1165 2124 eirca
1210 2062 1624 2142 quaestiones
1666 2077 1734 2126 et
1770 2081 2061 2144 pugnans
2099 2061 2488 2137 verborum3
2536 2077 2617 2120 ex

708 2144 978 2230 »quibus
1035 2147 1335 2211 oriuntur
1378 2147 1694 2221 invidiae,
1759 2146 2252 2221 contentiones,
2316 2143 2617 2226 blasphe-

710 2231 948 2307 »miae‚
1008 2234 1411 2317 suspiciones
1471 2235 1718 2308 malae,
1780 2231 2231 2296 conflictiones
2286 2231 2617 2293 hominum

710 2332 960 2380 »mente
1012 2334 1471 2404 corruptorum
1516 2334 1643 2383 etc.
1706 2320 1861 2382 Noli
1906 2318 2306 2388 contendere
2353 2318 2613 2396 verbis3

709 2405 823 2467 »ad
867 2404 1028 2467 nihil
1070 2406 1244 2470 enim
1287 2408 1445 2470 utile
1493 2421 1628 2482 est,
1680 2407 1806 2469 nisi
1850 2403 1935 2468 ad
1974 2405 2470 2470 subversionem
2515 2426 2619 2465 au-

710 2491 1078 2556 »clientium.
1143 2494 1385 2556 Stultas
1448 2508 1660 2556 autem
1723 2508 1791 2556 et
1849 2493 1988 2558 sine
2043 2493 2381 2578 disciplina
2427 2512 2618 2580 quap-

709 2577 991 2644 »stiones
1023 2578 1299 2664 '‘devita,
1363 2581 1611 2656 sciens,
1678 2581 1826 2665 quia
1871 2591 2189 2663 generant
2232 2579 2418 2643 lites:
2485 2599 2617 2639 ser·-

710 2685 893 2727 »vum
932 2680 1143 2728 nutem
1180 2666 1444 2729 Domini
1484 2688 1615 2730 non
1656 2681 1916 2749 oportet
1956 2667 2247 2751 litigare,
2291 2664 2406 2727 sed
2445 2685 2616 2727 man·

711 2767 1001 2812 »suetum
1076 2773 1223 2814 esse
1291 2754 1372 2815 ad
1435 2775 1700 2827 omnes,
1771 2754 2155 2827 docibilem,
2218 2752 2612 2836 patientem,

713 2856 894 2898 »cum
935 2836 1254 2901 modestia
1301 2841 1766 2924 corripientem
1813 2860 1963 2913 eos,
2010 2839 2122 2926 qui
2157 2839 2470 2902 resistunt
2509 2858 2613 2900 ve·

708 2923 974 2991 inritati«
1061 2927 1162 2986 Ex
1227 2927 1411 3009 queis
1475 2928 1632 3010 ipsis
1708 2927 1966 2989 monitis
2028 2927 2154 3010 jam
2214 2925 2616 3011 colliguntur

714 3008 1028 3101 quaedam
1064 3032 1222 3097 erga
1256 3013 1550 3083 eruditos
1590 3010 1836 3078 officia.

1465 3182 1527 3271 ᾗ.
1571 3183 1718 3273 690.

1107 3311 1177 3408 4)
1227 3314 1481 3411 Officia
1513 3335 1680 3399 erga
1718 3320 2052 3392 eruditos,

757 3469 1042 3541 Ceteris
1061 3496 1254 3569 erga
1274 3473 1565 3567 doctos,
1592 3476 1924 3551 eruditos
1945 3492 2019 3548 et
2039 3475 2412 3575 sapientes
2435 3471 2627 3584 haec.

545 3562 702 3651 fere
724 3571 1167 3648 incumbunt
1184 3575 1487 3672 ffcia:
1536 3587 1598 3671 1)
1628 3596 1710 3652 ut
1732 3606 1911 3653 vere
1937 3580 2201 3653 doctos
2231 3594 2304 3651 et
2325 3578 2615 3678 sapien-

546 3694 701 3771 τρε,
756 3693 1110 3776 quantum
1155 3706 1288 3779 par
1333 3698 1483 3775 est,
1554 3683 1991 3784 dignoscere
2037 3698 2115 3757 et
2156 3680 2247 3754 ab
2295 3681 2617 3755 hornini-

596 3890 743 3979 ’40)
791 3899 840 3955 1.
876 3898 1024 3963 Co'r.
1058 3900 1226 3961 Vm.
1271 3916 1329 3965 2.

637 3982 745 4062 4¹)
794 3983 933 4047 Col.
968 3985 1047 4043 11.
1081 3994 1142 4059 4.
1181 3985 1223 4049 8
1285 4002 1386 4049 22.
1429 4010 1572 4079 sqq.

605 4066 747 4145 342)
797 4070 844 4131 1.
883 4070 1032 4130 Cor.
1069 4072 1179 4138 111.
1216 4072 1279 4136 5.
1316 4075 1431 4138 lv.
1464 4074 1524 4139 6.

636 4149 757 4241 45)·
799 4154 848 4222 1.
895 4157 1178 4222 Timoth.
1216 4160 1325 4227 Vt.
1361 4169 1420 4242 4.
1464 4181 1606 4250 sqq.
1643 4164 1721 4228 11.
1759 4160 2040 4232 Timoth.
2081 4164 2158 4231 11.
2215 4170 2307 4240 ¹4-
2350 4157 2458 4228 25.
