2846 4770
515 385 643 454 240
676 378 786 442 De
815 374 1311 457 impedimentis
1338 366 1794 458 perfeetionis
1826 334 2277 436 christianae.
2316 369 2500 437 Soet.
2538 370 2601 438 Ι.

1421 547 1488 639 §-
1535 551 1619 638 73

866 681 935 768 5)
982 680 1190 746 Mala
1215 683 1471 746 >mundi
1468 576 1860 767 politioris
1899 656 2240 766 exenipla.

711 862 868 936 Nec
911 862 1142 937 verbo
1183 863 1428 938 solum
1474 861 1877 964 moialitati
1919 862 2150 936 officit
2192 874 2355 935 mos
2412 859 2614 950 poli-

505 969 691 1062 tior3
739 966 876 1040 sed
899 969 1224 1041 maxime
1250 995 1412 1059 eam
1436 969 2212 1070 corrumpitpessimis
2232 965 2618 1061 exemplis
2715 1064 2719 1066 ⁷

516 1078 585 1164 1)
609 1077 824 1145 circa
849 1071 1238 1171 religionis
1263 1089 1653 1148 externae
1679 1077 2144 1147 exercitium
2174 1087 2335 1167 tum
2357 1072 2618 1170 priva·

509 1193 670 1250 tum
697 1192 856 1248 tum
883 1175 1328 1277 publicum
1309 1180 1681 1278 inprimis,
1724 1177 1932 1277 quod
1958 1185 2031 1265 3)
2063 1201 2284 1276 saepe
2313 1175 2615 1247 fastidi·

511 1297 672 1376 tur3
714 1305 800 1354 ac
822 1279 897 1373 b)
935 1282 1562 1382 parvipenditur3
1605 1291 1676 1376 c)
1706 1281 2221 1382 negligiturve,
2263 1295 2392 1351 aut
2417 1280 2613 1350 irre-

511 1401 864 1460 verenter
902 1385 1307 1485 tepideque
1346 1414 1501 1461 non
1539 1413 1707 1461 raro
1735 1385 1984 1460 obitur
2022 1382 2139 1506 (§.‘
2167 1382 2338 1482 735.
2364 1411 2439 1455 n.
2470 1383 2543 1458 5
2554 1389 2618 1475 ).
2664 1406 2669 1412 ·

515 1495 585 1581 2)
604 1489 835 1562 Cir-ca
854 1507 1290 1584 conventus,
1310 1496 1752 1584 societate-S,
1773 1493 2329 1580 recreationes,
2346 1488 2428 1558 in
2451 1487 2620 1585 qui-

512 1592 651 1665 bus
708 1593 939 1666 veluti
991 1595 1365 1694 politioris
1418 1598 1652 1669 moris
1704 1595 2224 1691 sermonisque
2270 1591 2620 1690 corrupti

480 1712 591 1770 'et
632 1694 1048 1771 licentioris
1109 1701 1378 1799 agendi
1425 1701 1744 1774 rationis
1792 1699 2181 1800 palaestris
2230 1723 2452 1795 saepe
2508 1695 2617 1766 vi·
2698 1790 2705 1801 f

453 1896 456 1903 Ι
513 1804 703 1875 tium
744 1805 953 1901 quasi
992 1810 1364 1878 concinne
1405 1803 1911 1922 decenterque
1949 1818 2488 1921 personnatum
2533 1799 2619 1869 in

512 1932 816 1983 scenam
847 1909 1128 2005 prodit,
1172 1908 1516 2015 plausum
1549 1909 1803 2001 refert,
1838 1909 2400 2004 imitatoresque
2434 1929 2620 2003 pro-

514 2025 757 2083 vocat.
814 2015 891 2100 3)
932 2012 1169 2084 Circa
1213 2008 1508 2110 agendi
1543 2012 1716 2087 curri.
1754 2011 1921 2085 aliis
1954 2017 2375 2102 rationem,
2431 2010 2625 2080 dum

520 2112 877 2186 adhibitis
917 2114 1199 2188 dolosis
1234 2116 1658 2210 blanditiis,
1705 2115 2017 2189 fallendi
2054 2113 2259 2186 mille
2300 2111 2617 2204 artibus,

516 2216 715 2292 belle
757 2219 941 2292 alios
979 2214 1336 2293 eludendi
1375 2221 1857 2311 dexteritate,
1895 2217 2396 2320 simulatione,
2440 2216 2628 2316 justi

485 2321 890 2425 ‘probique
946 2325 1274 2397 hominis
1328 2327 1618 2424 species
1672 2326 2129 2426 praefertur,
2188 2332 2271 2396 et'
2314 2320 2623 2397 simula·

518 2445 593 2502 ta
650 2427 922 2499 virtute
979 2426 1134 2499 laus
1184 2430 1726 2529 hominumque
1781 2430 2177 2518 admiratio
2237 2444 2626 2527 captatur3

519 2533 680 2603 imo
725 2547 1107 2628 apertum,
1144 2559 1229 2614 e.
1276 2561 1346 2632 g.
1391 2534 2105 2626 immisericordiae,
2160 2532 2622 2628 injustitiae,

519 2633 939 2710 calumniae
986 2637 1247 2710 vitium
1300 2638 1707 2716 involucris
1756 2664 1841 2710 ac
1886 2638 2395 2712 concinnitate
2439 2660 2622 2732 qua-

522 2738 692 2811 dam
753 2742 1065 2844 tegitur,
1140 2767 1233 2815 ac.
1280 2743 1511 2816 moris
1566 2743 1916 2837 innocui,
1987 2742 2423 2832 decentiae,
2490 2765 2625 2810 ne·

522 2846 925 2937 cessitatiS,
978 2845 1423 2947 prudentiae
1462 2832 1708 2921 veluti
1766 2848 2158 2948 pigmento
2201 2844 2621 2919 obductum
2690 2861 2701 2870 ·

519 2945 975 3052 quandoque
1044 2952 1483 3070 triumphat
1560 2952 1640 3041 4)
1701 2951 1937 3025 Circa
2005 2953 2246 3024 luxus
2312 2953 2621 3035 vicium5

524 3055 705 3128 dum
742 3081 1015 3153 nempe
1056 3056 1136 3126 in
1175 3057 1419 3145 victu,
1459 3058 1774 3149 vestitu,
1820 3055 2326 3146 habitatione,
2370 3049 2622 3171 supel-

520 3156 801 3249 lectili,
857 3159 1268 3251 famulitio,
1322 3159 1401 3230 in
1441 3159 2070 3253 recreationibus,
2128 3151 2623 3232 conventicu-

522 3261 614 3333 lis
660 3260 863 3332 nulla
910 3261 1030 3335 vel
1072 3279 1299 3335 status
1343 3264 1465 3335 vel
1506 3267 1612 3337 rei
1655 3263 2113 3357 familiaris,
2138 3265 2437 3366 inopiae
2478 3272 2622 3333 aut

526 3370 740 3438 aeris
777 3365 1041 3457 alieni,
1090 3395 1183 3439 ne
1220 3366 1502 3458 dicam,
1546 3369 2084 3441 beneficentiae
2130 3396 2327 3468 erga
2340 3390 2621 3486 paupe·-

523 3496 669 3560 reS,
692 3469 943 3541 habita
969 3474 1262 3542 ratione
1290 3461 1541 3545 om'nia
1570 3476 1661 3547 ad
1686 3474 2194 3572 splendorem,
2221 3474 2320 3544 ad
2338 3468 2622 3570 magni-

524 3576 941 3665 ficentiam,
998 3574 1091 3646 ad
1127 3576 1437 3669 fastum,
1483 3578 1577 3656 ad
1621 3580 2240 3667 ostentationem,
2296 3576 2391 3647 ad
2437 3570 2624 3645 mol·

524 3676 806 3770 litiem,
879 3677 972 3750 ad
1026 3677 1284 3754 luxum
1340 3681 1531 3755 ultra
1587 3708 1890 3767 ornnem
1945 3636 2249 3754 moduni
2313 3702 2624 3777 compo-

524 3799 804 3857 nuntur
877 3810 1206 3882 opesque
1278 3787 1859 3882 profunduntur.
1932 3786 2157 3858 Unde
2216 3784 2415 3859 valia
2478 3780 2623 3852 alia

526 3905 833 3985 peccata
883 3905 957 3959 et
997 3892 1184 3962 mala
1240 3890 1351 3990 (ἕ.
1394 3895 1568 3989 371.
1616 3898 1765 3983 n),
1835 3890 2193 3991 inprimis
2243 3884 2625 3961 moralita-

529 3991 624 4062 tis
660 3991 1039 4089 publicam
1085 3997 1648 4093 corruptionem
1691 3996 1870 4066 oriri
1907 4020 2213 4068 necesse
2256 4009 2426 4065 est.
2466 3989 2619 4079 5)

537 4094 771 4192 Circa
808 4103 1180 4191 vestitum,
1227 4106 1886 4173 conversationem
1908 4126 2079 4173 cum
2104 4123 2310 4171 sexu
2333 4097 2619 4179 altem,

530 4187 849 4273 otiosam
906 4202 1176 4299 vitam3
1233 4204 1425 4293 dum
1478 4230 1752 4324 nempe
1807 4208 1872 4297 a)
1931 4204 2240 4283 vestitus
2299 4200 2620 4278 vestien-
