2846 4770
473 365 599 441 284
619 363 724 426 De
741 348 988 424 christ.
1008 361 1252 429 virtut.
1264 359 1855 446 perfectionisque
1873 358 2233 425 subsidiis.
2254 357 2440 430 Seet.
2461 358 2571 435 ΙΙ.

638 530 1006 599 consultum
1062 529 1327 617 quidem
1384 546 1522 607 est,
1572 544 1647 594 ut
1687 530 1910 609 anxia,
1968 529 2100 593 imo
2158 530 2423 607 curiosa
2462 531 2565 594 ni-

637 621 797 694 mis',
839 618 1241 682 lubricorum
1272 617 1657 700 praesertim
1704 626 2164 701 peccatorum,
2207 617 2561 702 investiga-

636 710 772 779 tio,
818 727 982 791 quae
1034 705 1433 788 poenitendi.
1455 705 2096 790 periculum.creare
2148 701 2395 779 valeat,
2444 706 2561 770 vel

636 819 673 858 a
704 792 1083 878 poenitente
1124 791 1264 867 fiat,
1311 793 1415 855 vel
1454 815 1487 854 a
1522 792 1924 856 confessario
1956 790 2314 855 secundum
2350 791 2561 853 casui-

637 898 876 945 starum
920 880 1148 941 inanes
1208 880 1690 959 speculationes
1734 881 2031 965 exigatur
2075 881 2191 958 71).
2255 879 2566 940 Attamen

633 968 700 1049 5)
751 981 1017 1049 peccata
1064 966 1322 1049 gravia,
1368 969 1580 1030 dubia
1633 966 1865 1041 etiam,
1910 966 1994 1031 de
2045 967 2276 1049 quibus
2312 969 2562 1028 merito

639 1054 1001 1127 dubitatur,
1048 1054 1153 1116 vel
1192 1075 1272 1115 an
1309 1053 1531 1139 gravia
1568 1053 1730 1127 sint,
1777 1055 1885 1117 vel
1923 1074 2003 1114 an
2035 1054 2161 1135 jam
2197 1050 2563 1115 confessio·

598 1141 702 1203 =ni
747 1141 875 1202 sint
920 1141 1245 1219 subiecta,
1292 1145 1360 1201 in
1406 1138 1822 1204 confessione
1855 1161 2000 1203 esse
2046 1142 2165 1205 sub
2201 1139 2398 1200 dubio
2446 1159 2560 1200 ex-

633 1225 977 1312 ponenda,
1045 1241 1178 1289 tum
1242 1249 1352 1290 res
1411 1226 1551 1310 ipsa
1616 1228 1769 1289 satis
1828 1227 2122 1311 loquitur
2160 1227 2267 1310 (5.
2342 1222 2555 1306 nu),

635 1329 772 1377 tum
835 1313 1297 1397 theologorum
1353 1314 1700 1375 meliorum
1744 1314 2064 1378 sententia
2124 1313 2378 1397 probat.
2446 1310 2565 1372 At-

639 1415 856 1467 tamen
904 1400 961 1462 si
1013 1401 1216 1461 multo
1269 1399 1673 1484 probabilius
1709 1400 1833 1480 sit,
1883 1413 2148 1483 peccata
2196 1397 2362 1460 baud
2405 1417 2559 1460 esse

640 1487 894 1572 gravia,
956 1487 1059 1549 vel
1107 1487 1234 1568 jam
1280 1487 1438 1549 olim
1481 1486 1810 1571 exposita,
1867 1486 1981 1549 illa
2027 1483 2399 1571 exponendi
2443 1484 2557 1544 ob-

631 1573 1016 1658 ligationem
1074 1572 1243 1634 haud
1297 1593 1545 1657 urgere
1606 1595 1690 1637 ex
1745 1573 1938 1637 dictis
2001 1573 2086 1660 (§.
2140 1572 2306 1655 no.)
2372 1570 2562 1634 eolli-

634 1661 831 1747 gitur.
892 1659 1201 1723 Ceterum
1242 1657 1311 1743 4)
1376 1680 1553 1724 novo
1615 1660 1941 1745 sacrilegii
1997 1673 2269 1745 peccato
2329 1678 2400 1720 se
2450 1656 2566 1718 ob-

631 1746 933 1831 stringit,
979 1747 1091 1832 qui
1142 1760 1481 1829 peccatum
1527 1767 1727 1831 grave
1775 1748 2048 1826 reticet,
2094 1746 2219 1807 nisi
2258 1743 2433 1807 forte
2475 1744 2556 1805 ab

636 1854 720 1903 eo
755 1833 1061 1897 distincte
1095 1831 1473 1895 confitendo
1507 1833 1717 1917 ipsum
1750 1833 2132 1918 impotentia
2153 1830 2416 1916 physica
2446 1844 2558 1893 aut

635 1920 939 1995 moralis,
984 1933 1094 1981 aut
1142 1920 1401 1983 collisio
1448 1918 1842 2005 integritatis
1888 1942 2035 1984 cum
2062 1921 2238 2004 ·lege
2277 1916 2562 1980 naturali

638 2002 946 2069 excuset:
985 2005 1079 2069 sic
1108 2025 1169 2071 e.
1212 2027 1273 2090 g.
1306 2020 1572 2069 excusat
1610 2007 1921 2090 obligatio
1955 2006 2154 2091 sigilli
2198 2005 2565 2068 confessio·

639 2092 843 2167 nalis,
878 2092 934 2154 si
968 2106 1305 2175 peccatum
1339 2093 1478 2156 sine
1509 2092 1697 2177 hujus
1731 2090 2080 2157 violatione
2114 2092 2393 2178 exprimi
2426 2112 2564 2153 non

639 2179 887 2263 possit3
951 2178 1108 2242 item
1155 2193 1405 2242 certum
1450 2180 1818 2264 periculum
1864 2180 2149 2244 scandali
2193 2180 2302 2243 vel
2345 2177 2567 2239 damni

640 2266 994 2329 alteriusve
1043 2266 1258 2351 gravis
1315 2266 1751 2341 incommodi,
1814 2289 1851 2329 a
1895 2267 2271 2350 poenitente
2318 2279 2429 2327 aut
2470 2265 2564 2327 al-

635 2366 783 2417 tero
820 2350 1237 2425 incurrendi,
1283 2353 1462 2436 quod
1501 2374 1633 2415 non
1679 2374 1803 2438 per
1839 2375 1909 2417 se
1950 2375 2096 2418 cum
2133 2353 2555 2424 confessione

632 2431 1084 2501 sacramentali
1127 2453 1493 2502 connexum
1539 2455 1683 2518 est:¹
1720 2462 1851 2524 quo
1895 2462 2049 2504 casu
2092 2440 2257 2506 certi
2301 2439 2557 2524 peccati

637 2522 1071 2588 manifestatio
1116 2526 1182 2586 in
1244 2525 1434 2589 aliam
1479 2527 1959 2591 confessionem
2007 2525 2262 2591 differri
2307 2540 2555 2609 posset,

632 2612 847 2696 Atque
876 2610 945 2696 5)
981 2611 1070 2703 ita
1107 2611 1434 2677 confessio
1461 2634 1592 2676 non
1632 2614 1895 2699 quidem
1941 2629 2120 2678 esset
2161 2613 2544 2677 materiali·

635 2707 782 2773 ter,
843 2712 917 2765 ut
958 2700 1538 2782 ajunnsintegra,
1605 2722 1729 2785 qua
1786 2701 1999 2763 omnia
2059 2696 2279 2784 gravia
2338 2698 2558 2782 expri-

594 2791 604 2799 ’
633 2798 926 2851 mantur:
973 2801 1252 2850 attamen
1284 2786 1461 2848 foret
1479 2786 1891 2872 formaliter
1919 2791 2194 2872 integra
2216 2830 2236 2864 ,
2285 2806 2412 2869 qua
2444 2807 2556 2848 ex-

532 2879 539 2884 ’
634 2888 960 2955 ponantur
1002 2873 1259 2959 gravia,
1320 2893 1486 2957 quae
1544 2870 1825 2936 redeunt
1886 2873 1954 2933 in
2013 2871 2423 2944 memoriam,
2487 2883 2556 2941 et

635 2978 801 3041 quae
837 2981 1006 3028 nunc
1050 2978 1383 3044 exponere
1425 2958 1767 3041 poenitens
1800 2958 2029 3034 debet,
2076 2955 2252 3045 qitod
2290 2956 2554 3022 sufficit.

637 3045 797 3107 Inde
831 3044 894 3127 6)
933 3046 1323 3129 intelligitur
1354 3043 1519 3106 illud
1553 3045 2087 3108 scholasticorum
2121 3041 2551 3129 principium:

615 3131 763 3213 „Ad
792 3136 1252 3216 consessionis
1305 3130 1614 3201 valorem
1664 3152 1801 3194 non
1855 3137 2237 3220 requiritur
2270 3134 2554 3216 integri·

634 3228 749 3278 tas
785 3220 1173 3287 materialis
1195 3262 1216 3295 ,
1263 3219 1388 3278 sed
1420 3217 2071 3301 sufficitformalis.

549 3317 651 3405 **)
700 3323 787 3382 Ut
848 3346 1050 3407 porro
1093 3321 1529 3387 'confessionis
1575 3324 1865 3405 privatae
1928 3324 2326 3389 usus'finom
2369 3307 2556 3388 suum

537 3413 542 3416 ’
639 3426 1190 3495 οοηεοφιᾶῑιιι·,θῖ,
1221 3412 1335 3473 bas
1370 3409 1656 3492 aliasque
1695 3411 2002 3493 plurimas
2047 3412 2356 3475 utilitates
2402 3429 2558 3475 con-

633 3492 806 3556 ferat
865 3498 1300 3580 poenitentiae
1364 3512 1834 3560 sacramentum
1872 3545 1888 3571 ,
1950 3498 2019 3559 id
2082 3503 2301 3561 curata
2358 3498 2555 3561 animi

636 3585 1132 3666 praeparatione
1168 3582 1650 3667 suscipiendum
1688 3583 2393 3672 administrandamque
2430 3600 2553 3651 est.

639 3666 846 3821 Qbuam
886 3672 951 3731 in
986 3693 1125 3733 rem
1173 3685 1354 3735 recte
1407 3665 1633 3733 monet¹
1658 3670 1759 3733 vir
1792 3672 2155 3754 perpolitus
2195 3675 2328 3752 72):
2391 3674 2553 3735 »Um

642 3778 678 3820 a
727 3780 802 3821 er
834 3760 1016 3823 diese
1052 3758 1467 3827 Endzweoke
1503 3779 1587 3826 zu
1615 3757 1998 3834 erreichen,
2043 3781 2217 3830 must
2251 3760 2348 3828 sie
2385 3781 2553 3843 ganz

444 4059 447 4063 n
515 3973 657 4099 =71)
705 4013 803 4083 cf.
844 3965 1423 4088 Schwarzfmeber
1454 4021 1664 4105 prakt.
1702 4019 1943 4088 cathol.
1967 3995 2573 4104 Religionshandb,

543 4111 550 4123 “
634 4123 673 4185 p
739 4104 851 4164 111.
894 4101 953 4189 ᾗ.
988 4122 1130 4192 ²⁰9·
1168 4121 1303 4169 not.
1350 4123 1407 4176 2.
2344 4111 2349 4118 ’

552 4196 656 4279 72)
704 4187 968 4281 [lde-pli.
1006 4191 1327 4264 Schwam
1358 4196 1401 4264 l.
1437 4217 1495 4262 c.
1525 4194 1583 4279 5.
1625 4217 1723 4268 ιο.
1755 4193 1835 4265 ad
1869 4192 2064 4262 finem
2104 4213 2249 4283 pag.
2283 4214 2366 4260 m.
2404 4190 2501 4258 16.
