2846 4770
1033 818 2086 905 ἈΒΤιοῡιυει

568 968 1104 1030 mmmmm
1143 944 1631 1028 cmsrmm:
1684 969 2034 1027 vumms
2084 969 2412 1029 numm:
2459 970 2665 1032 mun.

828 1045 913 1101 DI
948 1040 1398 1122 surusome:
1435 1040 1779 1105 pommus
1815 1042 2382 1121 suvssmmoeoun.

1470 1325 1531 1418 §.
1580 1351 1728 1415 70⁰·

568 1432 1063 1540 Impedi’menta
1096 1456 1523 1539 moralitatis
1554 1458 1872 1540 inprimis
1908 1476 1999 1519 ex
2034 1453 2646 1540 neglecta-perver-

711 1561 876 1607 ,σανα
900 1542 1295 1619 juventutis
1329 1546 1780 1631 educ-atton&
1827 1540 2032 1629 cujus
2064 1553 2513 1628 exponuntur

563 1650 936 1796 Virtutis
959 1720 1496 1825 impedimenta
1518 1723 1788 1799 mundi
1799 1722 2653 1828 puerilisjuvenilisque

563 1825 915 1926 equidem
970 1829 1240 1928 partim
1295 1830 1375 1902 in
1428 1829 1687 1930 ipsius
1716 1824 2025 1929 puerilis
2078 1828 2280 1930 genii
2326 1824 2646 1926 ingenii·-

563 1956 711 2030 que
749 1929 1094 2024 levitate,
1135 1932 1593 2027 mobilitate,
1633 1934 2175 2025 inconstantia,
2227 1933 2308 2004 in
2340 1954 2645 2005 omnem

563 2050 856 2135 partem
894 2034 1399 2132 flexibilitate,
1441 2062 1731 2114 summa
1768 2038 1847 2110 in
1884 2037 2300 2139 voluptates
2339 2058 2644 2109 sensua-

559 2137 667 2212 les
723 2141 1230 2240 propensione
1285 2158 1426 2217 etc.
1482 2145 1965 2217 continentur
2017 2148 2130 2241 (§,
2169 2143 2416 2240 678.):
2491 2163 2647 2210 ma·

559 2242 761 2317 xime
819 2270 997 2319 vero
1069 2245 1536 2322 educationis
1607 2246 1906 2322 defectu
1973 2247 2304 2346 vitioque
2371 2269 2644 2344 augen-

558 2361 719 2443 tur;
774 2350 1411 2448 quemadmodum
1468 2350 1672 2427 enim
1724 2349 2185 2434 educationis
2238 2364 2398 2425 tum
2452 2348 2643 2450 phy-

559 2451 801 2545 sicae,
873 2469 1033 2527 tum
1085 2453 1610 2529 intellectualis
1675 2451 2133 2555 moralisque
2186 2471 2388 2529 recta
2441 2454 2636 2536 ratio

558 2555 849 2657 insigne
885 2582 970 2630 ac
1004 2584 1290 2636 summe
1327 2560 1833 2635 necessarium
1877 2577 1988 2634 est
2010 2561 2469 2635 christianae
2495 2556 2640 2628 vir-

558 2660 734 2733 tutis
788 2679 945 2736 tum
999 2662 1570 2739 fundamentum
1623 2683 1782 2740 tum
1837 2664 2250 2739 subsidium
2308 2663 2404 2766 (§.
2458 2662 2636 2735 600.

499 2793 502 2798 ·
558 2771 796 2863 sqq.)=
850 2767 951 2840 ita
998 2794 1038 2839 e
1093 2769 1471 2841 contrario
1529 2768 1597 2866 1)
1643 2768 2107 2861 educationis
2163 2764 2471 2869 puerilis
2529 2767 2637 2863 ju-

453 2869 460 2872 ’
557 2868 974 2970 venilisque
1012 2870 1079 2967 a)
1105 2873 1505 2971 neglectus
1539 2876 2025 2975 praecipuum
2062 2872 2317 2947 virtuti
2353 2868 2638 2970 praesi-

559 2971 767 3048 dium
807 2975 1170 3072 detrahit;
1222 2976 1301 3074 b)
1343 2978 1679 3078 ejusdem
1714 2995 1956 3053 autem
1983 2980 2457 3074 perversitas
2492 2973 2639 3047 vir-

555 3080 699 3150 tuti
755 3105 1056 3153 omnem
1110 3106 1352 3179 poene
1402 3081 1687 3155 aditum
1740 3081 2197 3183 praecludit,
2254 3095 2379 3154 aut
2424 3092 2631 3151 certe

557 3181 684 3252 vix
735 3178 1487 3284 non'insuperabile.
1527 3184 1787 3285 objicit
1849 3187 2472 3287 impedimentum
2527 3185 2632 3271 ²¹²).

555 3284 787 3383 Igitur
838 3288 984 3360 hoc
1030 3286 1215 3360 loco.
1261 3286 1337 3382 2)
1384 3288 1849 3365 educationis
1884 3289 2283 3391 ⁴neglectae
2331 3312 2638 3388 perver-

558 3412 779 3462 saeve
815 3397 879 3481 a)
918 3415 1243 3480 causas‘5
1292 3391 1375 3482 h)
1418 3394 1706 3468 naevos
1737 3412 1812 3468 et
1852 3396 2023 3468 vitia
2065 3393 2509 3495 praecipuaz
2565 3392 2634 3478 c)

549 3491 899 3592 effectus
923 3498 1288 3588 pessimos
1296 3523 1326 3590 ;
1377 3496 1460 3595 d)
1490 3499 1841 3572 remedia
1862 3500 2291 3600 ⁴genev-alia
2314 3494 2639 3571 strictim

559 3598 1044 3672 recensenda.
1157 3633 1162 3648 ι
1432 3607 1435 3610 ’

587 3830 592 3835 .
643 3773 707 3860 *)
751 3773 1245 3838 Educationem
1268 3797 1464 3840 sensu
1482 3774 1701 3840 latiori
1722 3789 2051 3860 acceptam
2068 3796 2198 3839 non
2219 3772 2429 3852 solum
2449 3794 2640 3857 prae-

725 3858 987 3941 cipuum
1018 3855 1147 3923 'tuin
1180 3862 1641 3946 corruptionis,
1678 3863 1808 3925 tuni
1843 3863 2133 3926 culturae
2165 3860 2473 3947 physicae
2500 3877 2635 3921 mo-

728 3946 1051 4031 ralisque,
1098 3946 1214 4009 sed
1251 3953 1663 4030 primarium
1709 3970 1855 4012 esse
1901 3949 2150 4012 fontem
2194 3947 2412 4011 multis
2460 3967 2636 4010 com-

730 4048 1090 4096 monstrare
1137 4034 1398 4100 nititurz
1462 4035 1711 4100 Wiler
1752 4037 1915 4099 iiber
1972 4036 2078 4100 die
2137 4035 2633 4121 gegenwiirtige

725 4118 854 4178 und
893 4119 1184 4203 kiinftige
1222 4119 1672 4197 Menschheit,
1718 4123 1867 4188 eine
1903 4122 2137 4187 Skizze
2177 4146 2237 4188 u.
2275 4143 2326 4183 ε.
2363 4142 2446 4184 w.
2483 4141 2630 4206 pag.

731 4218 847 4270 120
865 4238 952 4254 --
978 4216 1111 4280 ¹41·
1945 4245 1949 4249 ·
