2846 4770
533 343 619 409 66
843 346 951 408 De
992 345 1246 431 efficii-¹·
1274 355 1616 410 certorum
1656 357 1986 410 statuum.
2032 330 2209 412 Soet.
2246 346 2313 410 1.
2383 388 2388 393 ·
2469 386 2474 387 ff

539 520 966 622 proferant3
1021 534 1238 619 atque
1300 519 1795 620 imperantem
1855 520 1947 593 ad
1992 508 2241 593 omnia
2291 544 2422 593 sua
2465 520 2631 596 offi-

541 627 651 700 cia
724 622 830 724 (§.
895 626 1068 700 613.
1139 629 1339 722 sqq.)
1396 624 1727 724 perfecte
1797 621 2168 724 explenda
2237 622 2629 717 consiliis,

538 727 1007 802 suasionibus
1043 744 1115 799 et
1151 753 1382 827 opera
1416 754 1543 800 sua
1578 729 1829 826 juvare
1859 752 1943 800 ac
1984 753 2426 828 permovere
2453 757 2626 830 per-

536 850 764 935 petuo
802 829 1245 904 adlaborent
1280 830 1376 928 ²¹¹³).

742 939 826 1024 3)
870 934 1341 1027 References
1370 938 1577 1027 item,
1611 959 1741 1007 seu
1776 935 2261 1009 referendarii
2289 935 2358 1032 a)
2379 934 2628 1011 solum

543 1066 662 1113 eas
716 1063 967 1110 causas
986 1094 1009 1131 ,
1082 1037 1375 1136 quibus*
1413 1040 1556 1110 rite
1637 1040 2051 1112 referendis
2117 1062 2350 1141 pares*
2406 1057 2629 1131 sunt,

520 1144 991 1241 suscipiant,
1051 1158 1123 1213 et
1160 1160 1315 1215 turn
1354 1144 1433 1214 in
1479 1143 2035 1235 examinandis,
2089 1159 2245 1216 tum
2289 1143 2624 1217 referen-

544 1248 658 1319 dis
720 1246 956 1318 causis
1021 1271 1356 1344 magnam
1427 1247 1855 1344 negotiique
1915 1248 2252 1348 gravitati
2310 1270 2626 1348 congru-

544 1364 791 1443 entem
840 1348 1297 1450 diligentiam
1358 1350 1851 1450 impendant3
1905 1351 1986 1450 b)
2038 1352 2230 1461 ipsi,
2283 1377 2435 1424 non
2472 1353 2659 1424 for--

540 1471 615 1527 te
673 1451 985 1526 aliorum
1047 1453 1415 1552 excerptis
1466 1453 1817 1547 fidenteS,
1852 1481 2037 1527 ⁴rem
2078 1471 2312 1529 totam
2351 1453 2633 1531 sollici-

543 1575 618 1629 te
658 1557 1121 1652 examinent3
1177 1563 1252 1648 c)
1294 1555 1781 1642 nihil‚eorum
1806 1612 1831 1648 ,
1889 1585 2073 1657 quae
2115 1559 2207 1633 acl
2260 1560 2373 1632 rei
2429 1585 2648 1631 sum-r

546 1686 750 1733 mum
795 1676 869 1731 et
924 1663 1196 1759 justum
1245 1659 1338 1732 de
1377 1685 1479 1730 ‘ea
1534 1661 1899 1757 judicium
1956 1654 2345 1737 ferendum
2399 1663 2632 1763 perti-

543 1778 768 1855 nent,
824 1788 1167 1835 enarrare
1226 1765 1869 1862 praetermittant3
1914 1766 1987 1858 d)
2028 1792 2065 1838 a
2118 1769 2437 1868 partium
2477 1783 2633 1840 stu-

546 1869 673 1940 di'o
729 1863 1161 1938 alienissimi
1223 1867 1603 1965 utriusque
1658 1870 1851 1942 forte
1913 1871 2147 1970 partis
2202 1885 2635 1972 argumenta

548 1969 838 2066 aequali
897 1969 1142 2041 studio
1200 1986 1274 2040 et
1317 1973 1614 2069 energia
1667 1990 2094 2072 exponant3
2147 2001 2290 2049 nec
2338 1980 2413 2066 e)
2463 1994 2631 2047 sen:-

545 2073 827 2146 ten-tiae
863 2098 1033 2142 suae
1072 2073 1525 2170 pertinacius
1559 2075 2019 2150 inhaerendo
2054 2074 2364 2151 aliorum
2391 2088 2656 2150 ‘asses--

532 2203 802 2250 *sorum
871 2174 1101 2246 libera
1178 2175 1513 2276 suffragia
1594 2181 2124 2278 praepediant3
2199 2181 2500 2254 demum
2569 2182 2637 2272 f)

553 2305 775 2382 quam
823 2278 1038 2371 licet,
1095 2280 1449 2353 citissime
1495 2308 1614 2354 res
1672 2284 1766 2355 ad
1806 2285 2284 2358 referendum
2323 2282 2467 2356 sibi
2508 2283 2642 2356 da-

550 2404 659 2459 tas
696 2383 1144 2483 expediant,
1199 2412 1292 2457 ne
1353 2412 1445 2457 ex
1486 2412 1696 2460 mora
1739 2404 1862 2461 aut
1901 2385 2277 2487 partibus,
2329 2390 2651 2461 *autreiss

551 2487 898 2591 publicae
941 2487 1292 2561 damnum
1328 2489 1729 2585 inferatur3
1785 2508 2165 2590 postremo
2208 2490 2285 2590 g)
2319 2514 2467 2561 ‘nec
2507 2507 2660 2563 a'n-‘

553 2611 628 2667 te
667 2590 1150 2686 relationem,
1205 2618 1347 2671 nec
1409 2593 1616 2667 dicta¹
1670 2594 2033 2666 sententia
2092 2594 2364 2667 secreti
2408 2593 2642 2669 fidem

549 2696 889 2874 partibus
938 2716 1061 2770 a-ut
1100 2696 1592 2784 assessoribus
1641 2696 1970 2771 debitam
2008 2695 2161 2771 ullo
2208 2695 2440 2771 modo
2481 2700 2647 2773 vio·

583 2818 710 2875 ent
745 2804 880 2894 ³³³³).

620 2946 708 3033 .*)
761 2949 819 3031 1)
870 2946 1000 3043 Qui
1048 2948 1322 3012 consilio
1378 2963 1488 3012 aut
1534 2947 1845 3032 suffragio
1882 2963 2288 3023 consensuve
2324 2968 2441 3011 suo
2478 2948 2651 3032 inju-

729 3052 889 3097 stam
926 3038 1303 3098 sententiam
1328 3076 1344 3105 ,
1390 3034 1644 3113 indigni
1683 3036 1771 3091 ad·
1796 3031 2014 3094 officia
2050 3035 2455 3097 evectionem
2492 3056 2648 3118 pro·

730 3128 1006 3263 Ἠϊονεῖ,
1034 3133 1180 3191 aut,
1238 3118 1390 3176 dum
1436 3116 1750 3189 deberet,
1814 3138 1935 3199 pro
1984 3116 2154 3180 virili
2197 3142 2329 3182 non
2372 3142 2653 3205 praepe-

782 3208 858 3265 it:
925 3204 987 3263 ei
1033 3222 1222 3263 omne
1292 3200 1481 3261 etiam
1530 3199 1826 3263 damnum
1885 3204 2037 3267 inde
2081 3204 2647 3288 profluensreete

733 3291 1104 3371 imputatur.
1179 3288 1243 3367 2)
1296 3285 1492 3376 Quod
1555 3286 1708 3348 item
1774 3288 1857 3351 de
1921 3291 2151 3354 damno
2214 3314 2335 3376 per
2394 3295 2657 3377 eulpam

735 3374 1089 3437 referentis
1128 3386 1510 3456 emergente
1545 3373 1911 3438 dicendum.
1959 3378 2046 3438 At
2085 3371 2275 3454 vero,
2318 3379 2384 3461 ὅ)
2414 3380 2655 3465 quodsi

741 3460 1201 3541 suffragiorum
1243 3460 1366 3540 jam
1426 3460 1633 3540 major
1676 3463 1842 3523 adsit
1901 3461 2246 3538 numerus,
2305 3457 2658 3530 sententia·

739 3568 866 3632 que
929 3567 1049 3627 per
1094 3546 1638 3631 subsequentium
1686 3547 1992 3629 suffragia
2038 3550 2358 3612 contraria
2421 3551 2659 3616 mutari

742 3655 944 3718 porro
977 3647 1297 3714 nequeat,
1345 3655 1421 3692 an
1460 3632 1563 3706 ei,
1610 3634 1721 3715 qui
1771 3634 2046 3697 humano
2096 3650 2406 3721 respectu
2437 3654 2658 3702 motus

746 3733 869 3781 ant·
902 3720 1131 3780 timore
1190 3717 1536 3800 impeditus
1598 3740 1778 3781 suum
1827 3721 2203 3802 suffragium
2255 3726 2661 3801 sententiae,

747 3828 933 3890 quam
980 3804 1256 3887 iniquam
1296 3804 1574 3885 judicat,
1622 3805 1929 3888 deinceps
1979 3809 2380 3889 adjunxerit,
2422 3812 2666 3891 injusta

750 3893 1068 3956 sententia
1135 3905 1202 3952 et
1247 3892 1543 3951 damnum
1604 3891 1903 3975 imputari
1947 3895 2192 3977 possit,
2253 3887 2392 3957 non
2428 3918 2674 3961 conve-

748 3980 846 4054 nit
876 3981 1046 4040 inter
1083 3976 1429 4039 doctores:
1477 3976 1585 4037 alii
1628 3980 1692 4056 a)
1740 3992 2031 4064 negant,
2077 3979 2395 4065 siquidem
2437 3979 2674 4047 saltem

755 4080 1016 4128 certum
1064 4064 1181 4140 sit,
1242 4086 1363 4147 per
1409 4061 1784 4147 suffragium
1848 4066 2239 4128 contrarium
2284 4089 2407 4132 nee
2454 4070 2677 4156 quoad.

756 4170 896 4235 rem
935 4151 1137 4233 ipsam
1175 4172 1299 4214 nec
1351 4149 1565 4235 quoad
1600 4151 1858 4237 modum
1910 4162 2002 4216 οὔ.
2030 4154 2485 4221 executionem
2526 4169 2679 4221 sen-
2766 4223 2774 4234 ,
