<?xml version="1.0" encoding="UTF-8"?>
<!DOCTYPE html PUBLIC "-//W3C//DTD XHTML 1.0 Transitional//EN"
    "http://www.w3.org/TR/xhtml1/DTD/xhtml1-transitional.dtd">
<html xmlns="http://www.w3.org/1999/xhtml" xml:lang="en" lang="en">
 <head>
  <title>
</title>
<meta http-equiv="Content-Type" content="text/html;charset=utf-8" />
  <meta name='ocr-system' content='tesseract 3.04.00' />
  <meta name='ocr-capabilities' content='ocr_page ocr_carea ocr_par ocr_line ocrx_word'/>
</head>
<body>
  <div class='ocr_page' id='page_1' title='image "./ethicachristian00schegoog/ethicachristian00schegoog_0046.png"; bbox 0 0 2846 4770; ppageno 0'>
   <div class='ocr_carea' id='block_1_1' title="bbox 509 340 2276 429">
    <p class='ocr_par' dir='ltr' id='par_1_1' title="bbox 509 340 2276 429">
     <span class='ocr_line' id='line_1_1' title="bbox 509 340 2276 429; baseline -0.002 -22"><span class='ocrx_word' id='word_1_1' title='bbox 509 342 593 407; x_wconf 78' lang='lat'><strong>50</strong></span> <span class='ocrx_word' id='word_1_2' title='bbox 805 342 913 405; x_wconf 82' lang='lat' dir='ltr'><strong>De</strong></span> <span class='ocrx_word' id='word_1_3' title='bbox 950 343 1208 429; x_wconf 77' lang='lat' dir='ltr'><strong>officiis</strong></span> <span class='ocrx_word' id='word_1_4' title='bbox 1244 353 1589 406; x_wconf 82' lang='lat' dir='ltr'><strong>certorum</strong></span> <span class='ocrx_word' id='word_1_5' title='bbox 1622 353 1950 408; x_wconf 78' lang='lat' dir='ltr'><strong>statuum.</strong></span> <span class='ocrx_word' id='word_1_6' title='bbox 1995 340 2178 407; x_wconf 73' lang='lat' dir='ltr'><strong>Soet.</strong></span> <span class='ocrx_word' id='word_1_7' title='bbox 2215 343 2276 405; x_wconf 90' lang='lat'><strong>1.</strong></span> 
     </span>
    </p>
   </div>
   <div class='ocr_carea' id='block_1_2' title="bbox 404 511 2670 3401">
    <p class='ocr_par' dir='ltr' id='par_1_2' title="bbox 404 511 2670 3401">
     <span class='ocr_line' id='line_1_2' title="bbox 518 511 2581 617; baseline -0 -29"><span class='ocrx_word' id='word_1_8' title='bbox 518 531 843 588; x_wconf 80' lang='lat' dir='ltr'><strong>attamen</strong></span> <span class='ocrx_word' id='word_1_9' title='bbox 888 515 1248 617; x_wconf 77' lang='lat' dir='ltr'><strong>gradatim</strong></span> <span class='ocrx_word' id='word_1_10' title='bbox 1301 514 1548 614; x_wconf 84' lang='lat' dir='ltr'>quasi,</span> <span class='ocrx_word' id='word_1_11' title='bbox 1622 530 1842 614; x_wconf 87' lang='lat' dir='ltr'><strong>atque</strong></span> <span class='ocrx_word' id='word_1_12' title='bbox 1884 516 2114 588; x_wconf 87' lang='lat' dir='ltr'><strong>aetati.</strong></span> <span class='ocrx_word' id='word_1_13' title='bbox 2152 511 2581 612; x_wconf 86' lang='lat' dir='ltr'><strong>viribusque</strong></span> 
     </span>
     <span class='ocr_line' id='line_1_3' title="bbox 519 618 2579 712; baseline -0.003 -18"><span class='ocrx_word' id='word_1_14' title='bbox 519 620 1050 694; x_wconf 84' lang='lat' dir='ltr'><strong>convenienter</strong></span> <span class='ocrx_word' id='word_1_15' title='bbox 1119 619 1569 697; x_wconf 75' lang='lat' dir='ltr'><strong>instituatur.</strong></span> <span class='ocrx_word' id='word_1_16' title='bbox 1644 620 1728 712; x_wconf 83' lang='lat'><strong>5)</strong></span> <span class='ocrx_word' id='word_1_17' title='bbox 1787 619 1890 693; x_wconf 91' lang='lat' dir='ltr'><strong>Ut</strong></span> <span class='ocrx_word' id='word_1_18' title='bbox 1953 637 2287 692; x_wconf 87' lang='lat' dir='ltr'><strong>materno</strong></span> <span class='ocrx_word' id='word_1_19' title='bbox 2342 618 2579 691; x_wconf 82' lang='lat' dir='ltr'><strong>infan-</strong></span> 
     </span>
     <span class='ocr_line' id='line_1_4' title="bbox 513 721 2576 823; baseline -0.002 -26"><span class='ocrx_word' id='word_1_20' title='bbox 513 740 625 797; x_wconf 86' lang='lat' dir='ltr'><strong>tes</strong></span> <span class='ocrx_word' id='word_1_21' title='bbox 692 721 882 796; x_wconf 86' lang='lat' dir='ltr'><strong>lacte</strong></span> <span class='ocrx_word' id='word_1_22' title='bbox 955 725 1418 816; x_wconf 76' lang='lat' dir='ltr'><strong>nutriantur,</strong></span> <span class='ocrx_word' id='word_1_23' title='bbox 1496 725 1576 797; x_wconf 88' lang='lat' dir='ltr'><strong>ni</strong></span> <span class='ocrx_word' id='word_1_24' title='bbox 1641 722 1821 823; x_wconf 92' lang='lat' dir='ltr'><strong>quid</strong></span> <span class='ocrx_word' id='word_1_25' title='bbox 1893 722 2179 816; x_wconf 86' lang='lat' dir='ltr'><strong>obstet,</strong></span> <span class='ocrx_word' id='word_1_26' title='bbox 2255 723 2576 815; x_wconf 82' lang='lat' dir='ltr'><strong>maxime</strong></span> 
     </span>
     <span class='ocr_line' id='line_1_5' title="bbox 521 826 2662 926; baseline -0.001 -27"><span class='ocrx_word' id='word_1_27' title='bbox 521 827 738 901; x_wconf 88' lang='lat' dir='ltr'><strong>decet</strong></span> <span class='ocrx_word' id='word_1_28' title='bbox 772 829 876 917; x_wconf 82' lang='lat'><strong>37)</strong></span> <span class='ocrx_word' id='word_1_29' title='bbox 918 828 1478 926; x_wconf 88' lang='lat' dir='ltr'><strong>proficuumque</strong></span> <span class='ocrx_word' id='word_1_30' title='bbox 1535 844 1684 923; x_wconf 79' lang='lat' dir='ltr'><strong>est3</strong></span> <span class='ocrx_word' id='word_1_31' title='bbox 1753 827 1906 900; x_wconf 76' lang='lat' dir='ltr'><strong>sint</strong></span> <span class='ocrx_word' id='word_1_32' title='bbox 1978 845 2374 906; x_wconf 81' lang='lat' dir='ltr'><strong>certenon</strong></span> <span class='ocrx_word' id='word_1_33' title='bbox 2431 826 2576 897; x_wconf 86' lang='lat' dir='ltr'><strong>nisi</strong></span> <span class='ocrx_word' id='word_1_34' title='bbox 2653 842 2662 861; x_wconf 81' lang='lat'><strong>¹</strong></span> 
     </span>
     <span class='ocr_line' id='line_1_6' title="bbox 514 929 2582 1029; baseline -0.002 -25"><span class='ocrx_word' id='word_1_35' title='bbox 514 930 875 1021; x_wconf 87' lang='lat' dir='ltr'><strong>honestis,</strong></span> <span class='ocrx_word' id='word_1_36' title='bbox 928 930 1209 1029; x_wconf 85' lang='lat' dir='ltr'><strong>probis,</strong></span> <span class='ocrx_word' id='word_1_37' title='bbox 1250 929 1593 1028; x_wconf 87' lang='lat' dir='ltr'><strong>beneque</strong></span> <span class='ocrx_word' id='word_1_38' title='bbox 1631 929 2042 1004; x_wconf 89' lang='lat' dir='ltr'><strong>valentibus</strong></span> <span class='ocrx_word' id='word_1_39' title='bbox 2081 930 2414 1003; x_wconf 88' lang='lat' dir='ltr'><strong>faeminis</strong></span> <span class='ocrx_word' id='word_1_40' title='bbox 2450 957 2582 1000; x_wconf 90' lang='lat' dir='ltr'><strong>nu-</strong></span> 
     </span>
     <span class='ocr_line' id='line_1_7' title="bbox 498 1032 2578 1129; baseline -0.001 -22"><span class='ocrx_word' id='word_1_41' title='bbox 498 1035 854 1120; x_wconf 51' lang='lat' dir='ltr'><strong>,triendae</strong></span> <span class='ocrx_word' id='word_1_42' title='bbox 924 1036 1322 1129; x_wconf 82' lang='lat' dir='ltr'><strong>credantur</strong></span> <span class='ocrx_word' id='word_1_43' title='bbox 1375 1037 1479 1125; x_wconf 59' lang='lat'><strong>²¹³).</strong></span> <span class='ocrx_word' id='word_1_44' title='bbox 1559 1036 1641 1125; x_wconf 85' lang='grc'><strong>6)</strong></span> <span class='ocrx_word' id='word_1_45' title='bbox 1694 1036 1998 1127; x_wconf 79' lang='lat' dir='ltr'><strong>Victu3‚</strong></span> <span class='ocrx_word' id='word_1_46' title='bbox 2070 1046 2234 1125; x_wconf 82' lang='lat' dir='ltr'><strong>ae&#39;r,</strong></span> <span class='ocrx_word' id='word_1_47' title='bbox 2301 1032 2578 1125; x_wconf 75' lang='lat' dir='ltr'><strong>lectuS,</strong></span> 
     </span>
     <span class='ocr_line' id='line_1_8' title="bbox 514 1134 2577 1238; baseline -0.001 -29"><span class='ocrx_word' id='word_1_48' title='bbox 514 1157 758 1210; x_wconf 90' lang='lat' dir='ltr'><strong>motus</strong></span> <span class='ocrx_word' id='word_1_49' title='bbox 813 1134 1031 1210; x_wconf 87' lang='lat' dir='ltr'><strong>saluti</strong></span> <span class='ocrx_word' id='word_1_50' title='bbox 1083 1138 1383 1211; x_wconf 85' lang='lat' dir='ltr'><strong>infantis</strong></span> <span class='ocrx_word' id='word_1_51' title='bbox 1455 1139 1775 1210; x_wconf 85' lang='lat' dir='ltr'><strong>maxime</strong></span> <span class='ocrx_word' id='word_1_52' title='bbox 1830 1137 2122 1212; x_wconf 87' lang='lat' dir='ltr'><strong>saluber</strong></span> <span class='ocrx_word' id='word_1_53' title='bbox 2174 1162 2577 1238; x_wconf 88' lang='lat' dir='ltr'><strong>procuran-</strong></span> 
     </span>
     <span class='ocr_line' id='line_1_9' title="bbox 519 1236 2658 1334; baseline 0 -22"><span class='ocrx_word' id='word_1_54' title='bbox 519 1240 693 1334; x_wconf 66' lang='lat' dir='ltr'><strong>dus.</strong></span> <span class='ocrx_word' id='word_1_55' title='bbox 750 1241 1237 1334; x_wconf 86' lang='lat' dir='ltr'><strong>immodicus,</strong></span> <span class='ocrx_word' id='word_1_56' title='bbox 1292 1236 1803 1333; x_wconf 77' lang='lat' dir='ltr'><strong>inordinatuS,</strong></span> <span class='ocrx_word' id='word_1_57' title='bbox 1873 1241 2248 1315; x_wconf 85' lang='lat' dir='ltr'><strong>insaluber</strong></span> <span class='ocrx_word' id='word_1_58' title='bbox 2302 1242 2586 1333; x_wconf 70' lang='lat' dir='ltr'><strong>victua,</strong></span> <span class='ocrx_word' id='word_1_59' title='bbox 2655 1261 2658 1265; x_wconf 56' lang='lat'><strong>⁴</strong></span> 
     </span>
     <span class='ocr_line' id='line_1_10' title="bbox 518 1343 2580 1444; baseline 0 -28"><span class='ocrx_word' id='word_1_60' title='bbox 518 1356 790 1442; x_wconf 70' lang='lat' dir='ltr'><strong>aerque</strong></span> <span class='ocrx_word' id='word_1_61' title='bbox 845 1347 1281 1444; x_wconf 89' lang='lat' dir='ltr'><strong>praesertim</strong></span> <span class='ocrx_word' id='word_1_62' title='bbox 1350 1344 1683 1442; x_wconf 89' lang='lat' dir='ltr'><strong>impurus</strong></span> <span class='ocrx_word' id='word_1_63' title='bbox 1753 1345 2027 1443; x_wconf 88' lang='lat' dir='ltr'><strong>diuque</strong></span> <span class='ocrx_word' id='word_1_64' title='bbox 2082 1343 2408 1417; x_wconf 90' lang='lat' dir='ltr'><strong>inclusus</strong></span> <span class='ocrx_word' id='word_1_65' title='bbox 2463 1369 2580 1416; x_wconf 88' lang='lat' dir='ltr'><strong>ca-</strong></span> 
     </span>
     <span class='ocr_line' id='line_1_11' title="bbox 517 1447 2581 1546; baseline 0 -27"><span class='ocrx_word' id='word_1_66' title='bbox 517 1447 805 1519; x_wconf 84' lang='lat' dir='ltr'><strong>vendus</strong></span> <span class='ocrx_word' id='word_1_67' title='bbox 854 1454 964 1544; x_wconf 72' lang='lat' dir='ltr'><strong>(S.</strong></span> <span class='ocrx_word' id='word_1_68' title='bbox 1015 1452 1164 1535; x_wconf 77' lang='lat'><strong>346</strong></span> <span class='ocrx_word' id='word_1_69' title='bbox 1196 1454 1256 1538; x_wconf 92' lang='lat'><strong>).</strong></span> <span class='ocrx_word' id='word_1_70' title='bbox 1333 1447 1404 1544; x_wconf 87' lang='lat'><strong>7)</strong></span> <span class='ocrx_word' id='word_1_71' title='bbox 1454 1447 1645 1519; x_wconf 88' lang='lat' dir='ltr'><strong>Cura</strong></span> <span class='ocrx_word' id='word_1_72' title='bbox 1686 1449 2048 1523; x_wconf 86' lang='lat' dir='ltr'><strong>infantum</strong></span> <span class='ocrx_word' id='word_1_73' title='bbox 2095 1450 2415 1521; x_wconf 80' lang='lat' dir='ltr'><strong>maxime</strong></span> <span class='ocrx_word' id='word_1_74' title='bbox 2457 1474 2581 1546; x_wconf 85' lang='lat' dir='ltr'><strong>pa·</strong></span> 
     </span>
     <span class='ocr_line' id='line_1_12' title="bbox 434 1551 2582 1652; baseline 0.001 -31"><span class='ocrx_word' id='word_1_75' title='bbox 434 1614 438 1621; x_wconf 92' lang='lat'><strong>.</strong></span> <span class='ocrx_word' id='word_1_76' title='bbox 516 1552 850 1624; x_wconf 88' lang='lat' dir='ltr'><strong>rentibus</strong></span> <span class='ocrx_word' id='word_1_77' title='bbox 896 1551 1302 1628; x_wconf 72' lang='lat' dir='ltr'><strong>incumbitz</strong></span> <span class='ocrx_word' id='word_1_78' title='bbox 1356 1551 1596 1642; x_wconf 87' lang='lat' dir='ltr'><strong>unde,</strong></span> <span class='ocrx_word' id='word_1_79' title='bbox 1653 1570 2006 1648; x_wconf 88' lang='lat' dir='ltr'><strong>quantum</strong></span> <span class='ocrx_word' id='word_1_80' title='bbox 2062 1580 2100 1624; x_wconf 87' lang='lat' dir='ltr'><strong>a</strong></span> <span class='ocrx_word' id='word_1_81' title='bbox 2152 1552 2582 1652; x_wconf 82' lang='lat' dir='ltr'><strong>parentibus</strong></span> 
     </span>
     <span class='ocr_line' id='line_1_13' title="bbox 520 1655 2581 1754; baseline 0 -28"><span class='ocrx_word' id='word_1_82' title='bbox 520 1657 699 1754; x_wconf 88' lang='lat' dir='ltr'><strong>ipsis</strong></span> <span class='ocrx_word' id='word_1_83' title='bbox 744 1657 896 1753; x_wconf 86' lang='lat' dir='ltr'><strong>geri</strong></span> <span class='ocrx_word' id='word_1_84' title='bbox 933 1672 1220 1753; x_wconf 88' lang='lat' dir='ltr'><strong>potest,</strong></span> <span class='ocrx_word' id='word_1_85' title='bbox 1274 1680 1741 1752; x_wconf 86' lang='lat' dir='ltr'><strong>nequaquam</strong></span> <span class='ocrx_word' id='word_1_86' title='bbox 1783 1657 1858 1727; x_wconf 92' lang='lat' dir='ltr'><strong>in</strong></span> <span class='ocrx_word' id='word_1_87' title='bbox 1900 1655 2122 1749; x_wconf 84' lang='lat' dir='ltr'><strong>alios,</strong></span> <span class='ocrx_word' id='word_1_88' title='bbox 2178 1674 2431 1753; x_wconf 88' lang='lat' dir='ltr'><strong>atque,</strong></span> <span class='ocrx_word' id='word_1_89' title='bbox 2486 1655 2581 1728; x_wconf 87' lang='lat' dir='ltr'><strong>si-</strong></span> 
     </span>
     <span class='ocr_line' id='line_1_14' title="bbox 521 1758 2583 1857; baseline -0 -27"><span class='ocrx_word' id='word_1_90' title='bbox 521 1759 827 1856; x_wconf 89' lang='lat' dir='ltr'><strong>quidem</strong></span> <span class='ocrx_word' id='word_1_91' title='bbox 885 1782 1069 1857; x_wconf 90' lang='lat' dir='ltr'><strong>opus</strong></span> <span class='ocrx_word' id='word_1_92' title='bbox 1126 1758 1388 1846; x_wconf 90' lang='lat' dir='ltr'><strong>fuerit,</strong></span> <span class='ocrx_word' id='word_1_93' title='bbox 1460 1760 1540 1828; x_wconf 90' lang='lat' dir='ltr'><strong>in</strong></span> <span class='ocrx_word' id='word_1_94' title='bbox 1594 1783 1720 1829; x_wconf 92' lang='lat' dir='ltr'><strong>eos</strong></span> <span class='ocrx_word' id='word_1_95' title='bbox 1774 1758 2011 1832; x_wconf 88' lang='lat' dir='ltr'><strong>solum</strong></span> <span class='ocrx_word' id='word_1_96' title='bbox 2077 1759 2583 1832; x_wconf 88' lang='lat' dir='ltr'><strong>transferenda</strong></span> 
     </span>
     <span class='ocr_line' id='line_1_15' title="bbox 518 1858 2598 1964; baseline 0.002 -33"><span class='ocrx_word' id='word_1_97' title='bbox 518 1861 789 1960; x_wconf 88' lang='lat' dir='ltr'><strong>partim</strong></span> <span class='ocrx_word' id='word_1_98' title='bbox 829 1877 975 1952; x_wconf 87' lang='lat' dir='ltr'><strong>est,</strong></span> <span class='ocrx_word' id='word_1_99' title='bbox 1031 1887 1070 1932; x_wconf 89' lang='lat' dir='ltr'><strong>a</strong></span> <span class='ocrx_word' id='word_1_100' title='bbox 1109 1858 1378 1958; x_wconf 87' lang='lat' dir='ltr'><strong>quibus</strong></span> <span class='ocrx_word' id='word_1_101' title='bbox 1416 1859 1496 1931; x_wconf 90' lang='lat' dir='ltr'><strong>id</strong></span> <span class='ocrx_word' id='word_1_102' title='bbox 1543 1863 1820 1959; x_wconf 86' lang='lat' dir='ltr'><strong>negotii</strong></span> <span class='ocrx_word' id='word_1_103' title='bbox 1864 1864 2142 1962; x_wconf 85' lang='lat' dir='ltr'><strong>optime</strong></span> <span class='ocrx_word' id='word_1_104' title='bbox 2178 1862 2598 1964; x_wconf 49' lang='lat' dir='ltr'><strong>gerendum*</strong></span> 
     </span>
     <span class='ocr_line' id='line_1_16' title="bbox 519 1963 2581 2066; baseline 0.001 -30"><span class='ocrx_word' id='word_1_105' title='bbox 519 1965 678 2036; x_wconf 87' lang='lat' dir='ltr'><strong>fore</strong></span> <span class='ocrx_word' id='word_1_106' title='bbox 748 1964 1033 2061; x_wconf 85' lang='lat' dir='ltr'><strong>sperari</strong></span> <span class='ocrx_word' id='word_1_107' title='bbox 1103 1963 1373 2036; x_wconf 85' lang='lat' dir='ltr'><strong>merito</strong></span> <span class='ocrx_word' id='word_1_108' title='bbox 1441 1965 1698 2063; x_wconf 89' lang='lat' dir='ltr'><strong>possit.</strong></span> <span class='ocrx_word' id='word_1_109' title='bbox 1780 1967 1862 2056; x_wconf 88' lang='lat'><strong>8)</strong></span> <span class='ocrx_word' id='word_1_110' title='bbox 1924 1967 2019 2039; x_wconf 92' lang='lat' dir='ltr'><strong>Ut</strong></span> <span class='ocrx_word' id='word_1_111' title='bbox 2069 1969 2392 2066; x_wconf 89' lang='lat' dir='ltr'><strong>primum</strong></span> <span class='ocrx_word' id='word_1_112' title='bbox 2448 1991 2581 2066; x_wconf 89' lang='lat' dir='ltr'><strong>per</strong></span> 
     </span>
     <span class='ocr_line' id='line_1_17' title="bbox 520 2064 2584 2158; baseline 0 -18"><span class='ocrx_word' id='word_1_113' title='bbox 520 2081 837 2140; x_wconf 86' lang='lat' dir='ltr'><strong>aetatem</strong></span> <span class='ocrx_word' id='word_1_114' title='bbox 879 2064 1093 2158; x_wconf 87' lang='lat' dir='ltr'><strong>lieet,</strong></span> <span class='ocrx_word' id='word_1_115' title='bbox 1163 2068 1385 2139; x_wconf 88' lang='lat' dir='ltr'><strong>variis</strong></span> <span class='ocrx_word' id='word_1_116' title='bbox 1428 2068 1671 2140; x_wconf 90' lang='lat' dir='ltr'><strong>modis</strong></span> <span class='ocrx_word' id='word_1_117' title='bbox 1710 2070 2301 2144; x_wconf 86' lang='lat' dir='ltr'><strong>assuefaciendae</strong></span> <span class='ocrx_word' id='word_1_118' title='bbox 2345 2069 2584 2142; x_wconf 84' lang='lat' dir='ltr'><strong>suavi-</strong></span> 
     </span>
     <span class='ocr_line' id='line_1_18' title="bbox 520 2169 2584 2273; baseline 0.001 -31"><span class='ocrx_word' id='word_1_119' title='bbox 520 2187 782 2265; x_wconf 83' lang='lat' dir='ltr'><strong>terque</strong></span> <span class='ocrx_word' id='word_1_120' title='bbox 837 2169 1305 2273; x_wconf 85' lang='lat' dir='ltr'><strong>inducendae</strong></span> <span class='ocrx_word' id='word_1_121' title='bbox 1346 2188 1519 2244; x_wconf 87' lang='lat' dir='ltr'><strong>sunt</strong></span> <span class='ocrx_word' id='word_1_122' title='bbox 1569 2170 1858 2271; x_wconf 92' lang='lat' dir='ltr'><strong>proles,</strong></span> <span class='ocrx_word' id='word_1_123' title='bbox 1933 2191 2013 2247; x_wconf 89' lang='lat' dir='ltr'><strong>ut</strong></span> <span class='ocrx_word' id='word_1_124' title='bbox 2066 2173 2155 2246; x_wconf 88' lang='lat' dir='ltr'><strong>ab</strong></span> <span class='ocrx_word' id='word_1_125' title='bbox 2212 2176 2340 2265; x_wconf 86' lang='lat' dir='ltr'><strong>iis,</strong></span> <span class='ocrx_word' id='word_1_126' title='bbox 2396 2198 2584 2272; x_wconf 89' lang='lat' dir='ltr'><strong>quae</strong></span> 
     </span>
     <span class='ocr_line' id='line_1_19' title="bbox 520 2273 2670 2375; baseline 0 -28"><span class='ocrx_word' id='word_1_127' title='bbox 520 2273 817 2347; x_wconf 84' lang='lat' dir='ltr'><strong>sanitati</strong></span> <span class='ocrx_word' id='word_1_128' title='bbox 873 2275 1356 2374; x_wconf 87' lang='lat' dir='ltr'><strong>corporisque</strong></span> <span class='ocrx_word' id='word_1_129' title='bbox 1388 2276 1651 2375; x_wconf 84' lang='lat' dir='ltr'><strong>-vigori</strong></span> <span class='ocrx_word' id='word_1_130' title='bbox 1705 2277 2043 2349; x_wconf 87' lang='lat' dir='ltr'><strong>nocitura</strong></span> <span class='ocrx_word' id='word_1_131' title='bbox 2098 2278 2380 2368; x_wconf 84' lang='lat' dir='ltr'><strong>sciunt,</strong></span> <span class='ocrx_word' id='word_1_132' title='bbox 2445 2276 2587 2348; x_wconf 90' lang='lat' dir='ltr'><strong>etsi</strong></span> <span class='ocrx_word' id='word_1_133' title='bbox 2629 2288 2670 2367; x_wconf 85' lang='grc' dir='ltr'><strong> </strong></span> 
     </span>
     <span class='ocr_line' id='line_1_20' title="bbox 521 2375 2585 2480; baseline 0.002 -31"><span class='ocrx_word' id='word_1_134' title='bbox 521 2375 884 2477; x_wconf 87' lang='lat' dir='ltr'><strong>voluptati</strong></span> <span class='ocrx_word' id='word_1_135' title='bbox 925 2380 1285 2451; x_wconf 89' lang='lat' dir='ltr'><strong>servitura</strong></span> <span class='ocrx_word' id='word_1_136' title='bbox 1331 2381 1520 2472; x_wconf 89' lang='lat' dir='ltr'><strong>sint,</strong></span> <span class='ocrx_word' id='word_1_137' title='bbox 1587 2406 1719 2478; x_wconf 84' lang='lat' dir='ltr'><strong>per</strong></span> <span class='ocrx_word' id='word_1_138' title='bbox 1761 2406 1837 2451; x_wconf 90' lang='lat' dir='ltr'><strong>se</strong></span> <span class='ocrx_word' id='word_1_139' title='bbox 1884 2380 2084 2480; x_wconf 91' lang='lat' dir='ltr'><strong>ipsos</strong></span> <span class='ocrx_word' id='word_1_140' title='bbox 2132 2381 2585 2455; x_wconf 86' lang='lat' dir='ltr'><strong>abhorreant</strong></span> 
     </span>
     <span class='ocr_line' id='line_1_21' title="bbox 524 2481 2588 2580; baseline 0 -26"><span class='ocrx_word' id='word_1_141' title='bbox 524 2498 600 2554; x_wconf 92' lang='lat' dir='ltr'><strong>et</strong></span> <span class='ocrx_word' id='word_1_142' title='bbox 636 2507 789 2553; x_wconf 90' lang='lat' dir='ltr'><strong>non</strong></span> <span class='ocrx_word' id='word_1_143' title='bbox 832 2481 975 2553; x_wconf 84' lang='lat' dir='ltr'><strong>nisi</strong></span> <span class='ocrx_word' id='word_1_144' title='bbox 1023 2483 1359 2556; x_wconf 86' lang='lat' dir='ltr'><strong>salutaria</strong></span> <span class='ocrx_word' id='word_1_145' title='bbox 1405 2509 1496 2556; x_wconf 83' lang='lat' dir='ltr'><strong>ex</strong></span> <span class='ocrx_word' id='word_1_146' title='bbox 1541 2499 1924 2580; x_wconf 83' lang='lat' dir='ltr'><strong>parentum</strong></span> <span class='ocrx_word' id='word_1_147' title='bbox 1964 2485 2275 2555; x_wconf 86' lang='lat' dir='ltr'><strong>consilio</strong></span> <span class='ocrx_word' id='word_1_148' title='bbox 2320 2483 2588 2555; x_wconf 88' lang='lat' dir='ltr'><strong>admit-</strong></span> 
     </span>
     <span class='ocr_line' id='line_1_22' title="bbox 404 2584 2588 2685; baseline -0 -27"><span class='ocrx_word' id='word_1_149' title='bbox 404 2662 413 2665; x_wconf 60' lang='lat'><strong>,</strong></span> <span class='ocrx_word' id='word_1_150' title='bbox 521 2599 705 2658; x_wconf 84' lang='lat' dir='ltr'><strong>tant.</strong></span> <span class='ocrx_word' id='word_1_151' title='bbox 778 2587 1095 2659; x_wconf 86' lang='lat' dir='ltr'><strong>Demum</strong></span> <span class='ocrx_word' id='word_1_152' title='bbox 1141 2595 1224 2685; x_wconf 84' lang='lat'><strong>9)</strong></span> <span class='ocrx_word' id='word_1_153' title='bbox 1271 2614 1418 2660; x_wconf 88' lang='lat' dir='ltr'><strong>non</strong></span> <span class='ocrx_word' id='word_1_154' title='bbox 1466 2584 1701 2658; x_wconf 86' lang='lat' dir='ltr'><strong>solum</strong></span> <span class='ocrx_word' id='word_1_155' title='bbox 1749 2612 1872 2679; x_wconf 89' lang='lat' dir='ltr'><strong>ea,</strong></span> <span class='ocrx_word' id='word_1_156' title='bbox 1945 2612 2135 2684; x_wconf 87' lang='lat' dir='ltr'><strong>quae</strong></span> <span class='ocrx_word' id='word_1_157' title='bbox 2183 2585 2274 2658; x_wconf 91' lang='lat' dir='ltr'><strong>ad</strong></span> <span class='ocrx_word' id='word_1_158' title='bbox 2318 2585 2588 2657; x_wconf 87' lang='lat' dir='ltr'><strong>sanita-</strong></span> 
     </span>
     <span class='ocr_line' id='line_1_23' title="bbox 519 2688 2583 2789; baseline -0.001 -27"><span class='ocrx_word' id='word_1_159' title='bbox 519 2705 676 2762; x_wconf 87' lang='lat' dir='ltr'><strong>tem</strong></span> <span class='ocrx_word' id='word_1_160' title='bbox 744 2690 1079 2788; x_wconf 89' lang='lat' dir='ltr'><strong>corporis</strong></span> <span class='ocrx_word' id='word_1_161' title='bbox 1147 2688 1503 2765; x_wconf 84' lang='lat' dir='ltr'><strong>infantilis</strong></span> <span class='ocrx_word' id='word_1_162' title='bbox 1568 2689 1847 2761; x_wconf 90' lang='lat' dir='ltr'><strong>servire</strong></span> <span class='ocrx_word' id='word_1_163' title='bbox 1902 2695 2346 2789; x_wconf 78' lang='lat' dir='ltr'><strong>queunt.(§.</strong></span> <span class='ocrx_word' id='word_1_164' title='bbox 2404 2691 2583 2775; x_wconf 74' lang='lat'><strong>346.</strong></span> 
     </span>
     <span class='ocr_line' id='line_1_24' title="bbox 522 2793 2583 2895; baseline -0.001 -30"><span class='ocrx_word' id='word_1_165' title='bbox 522 2798 715 2891; x_wconf 86' lang='lat' dir='ltr'><strong>sq.)‚</strong></span> <span class='ocrx_word' id='word_1_166' title='bbox 769 2794 902 2866; x_wconf 88' lang='lat' dir='ltr'><strong>sed</strong></span> <span class='ocrx_word' id='word_1_167' title='bbox 942 2811 1014 2867; x_wconf 91' lang='lat' dir='ltr'><strong>et</strong></span> <span class='ocrx_word' id='word_1_168' title='bbox 1054 2823 1241 2895; x_wconf 87' lang='lat' dir='ltr'><strong>quae</strong></span> <span class='ocrx_word' id='word_1_169' title='bbox 1286 2796 1378 2869; x_wconf 91' lang='lat' dir='ltr'><strong>ad</strong></span> <span class='ocrx_word' id='word_1_170' title='bbox 1418 2795 1759 2892; x_wconf 87' lang='lat' dir='ltr'><strong>corporis</strong></span> <span class='ocrx_word' id='word_1_171' title='bbox 1805 2795 2381 2894; x_wconf 81' lang='lat' dir='ltr'><strong>perfectionem,</strong></span> <span class='ocrx_word' id='word_1_172' title='bbox 2435 2793 2583 2891; x_wconf 86' lang='lat' dir='ltr'><strong>agi-</strong></span> 
     </span>
     <span class='ocr_line' id='line_1_25' title="bbox 520 2894 2582 2998; baseline -0 -30"><span class='ocrx_word' id='word_1_173' title='bbox 520 2894 848 2991; x_wconf 86' lang='lat' dir='ltr'><strong>litatem,</strong></span> <span class='ocrx_word' id='word_1_174' title='bbox 904 2898 1464 2988; x_wconf 78' lang='lat' dir='ltr'><strong>dexteritatem,</strong></span> <span class='ocrx_word' id='word_1_175' title='bbox 1520 2897 1956 2998; x_wconf 87' lang='lat' dir='ltr'><strong>elegantiam</strong></span> <span class='ocrx_word' id='word_1_176' title='bbox 1997 2896 2582 2992; x_wconf 82' lang='lat' dir='ltr'><strong>modestiamque</strong></span> 
     </span>
     <span class='ocr_line' id='line_1_26' title="bbox 522 2997 2584 3102; baseline -0.002 -27"><span class='ocrx_word' id='word_1_177' title='bbox 522 3002 861 3076; x_wconf 81' lang='lat' dir='ltr'><strong>conferre</strong></span> <span class='ocrx_word' id='word_1_178' title='bbox 905 3009 1196 3102; x_wconf 86' lang='lat' dir='ltr'><strong>possint</strong></span> <span class='ocrx_word' id='word_1_179' title='bbox 1237 3011 1343 3097; x_wconf 73' lang='lat' dir='ltr'><strong>(S.</strong></span> <span class='ocrx_word' id='word_1_180' title='bbox 1391 2997 1915 3092; x_wconf 74' lang='lat'><strong>351—354.)‚</strong></span> <span class='ocrx_word' id='word_1_181' title='bbox 1970 2998 2293 3092; x_wconf 73' lang='lat' dir='ltr'><strong>subsidia</strong></span> <span class='ocrx_word' id='word_1_182' title='bbox 2336 3025 2584 3098; x_wconf 84' lang='lat' dir='ltr'><strong>respe-</strong></span> 
     </span>
     <span class='ocr_line' id='line_1_27' title="bbox 524 3102 2584 3202; baseline 0 -29"><span class='ocrx_word' id='word_1_183' title='bbox 524 3120 644 3174; x_wconf 91' lang='lat' dir='ltr'><strong>ctu</strong></span> <span class='ocrx_word' id='word_1_184' title='bbox 686 3105 1009 3201; x_wconf 83' lang='lat' dir='ltr'><strong>prolium</strong></span> <span class='ocrx_word' id='word_1_185' title='bbox 1050 3103 1473 3174; x_wconf 84' lang='lat' dir='ltr'><strong>adhibenda</strong></span> <span class='ocrx_word' id='word_1_186' title='bbox 1512 3102 1611 3171; x_wconf 86' lang='lat' dir='ltr'><strong>ita</strong></span> <span class='ocrx_word' id='word_1_187' title='bbox 1649 3115 1854 3190; x_wconf 86' lang='lat' dir='ltr'><strong>sunt,</strong></span> <span class='ocrx_word' id='word_1_188' title='bbox 1900 3115 1978 3173; x_wconf 91' lang='lat' dir='ltr'><strong>ut</strong></span> <span class='ocrx_word' id='word_1_189' title='bbox 2018 3104 2254 3202; x_wconf 85' lang='lat' dir='ltr'><strong>prima</strong></span> <span class='ocrx_word' id='word_1_190' title='bbox 2292 3128 2584 3202; x_wconf 87' lang='lat' dir='ltr'><strong>semper</strong></span> 
     </span>
     <span class='ocr_line' id='line_1_28' title="bbox 523 3205 2606 3303; baseline 0.001 -27"><span class='ocrx_word' id='word_1_191' title='bbox 523 3205 1022 3294; x_wconf 79' lang='lat' dir='ltr'><strong>moralitatis,</strong></span> <span class='ocrx_word' id='word_1_192' title='bbox 1101 3230 1284 3301; x_wconf 87' lang='lat' dir='ltr'><strong>quae</strong></span> <span class='ocrx_word' id='word_1_193' title='bbox 1351 3228 1738 3303; x_wconf 88' lang='lat' dir='ltr'><strong>supremus</strong></span> <span class='ocrx_word' id='word_1_194' title='bbox 1807 3206 2047 3279; x_wconf 91' lang='lat' dir='ltr'><strong>omnis</strong></span> <span class='ocrx_word' id='word_1_195' title='bbox 2104 3207 2606 3281; x_wconf 82' lang='lat' dir='ltr'><strong>educationis·</strong></span> 
     </span>
     <span class='ocr_line' id='line_1_29' title="bbox 500 3303 1673 3401; baseline 0.006 -24"><span class='ocrx_word' id='word_1_196' title='bbox 500 3307 696 3401; x_wconf 83' lang='lat' dir='ltr'><strong>finis</strong></span> <span class='ocrx_word' id='word_1_197' title='bbox 732 3321 879 3400; x_wconf 89' lang='lat' dir='ltr'><strong>est,</strong></span> <span class='ocrx_word' id='word_1_198' title='bbox 931 3307 1118 3381; x_wconf 87' lang='lat' dir='ltr'><strong>ratio</strong></span> <span class='ocrx_word' id='word_1_199' title='bbox 1159 3305 1513 3379; x_wconf 88' lang='lat' dir='ltr'><strong>habeatur</strong></span> <span class='ocrx_word' id='word_1_200' title='bbox 1549 3303 1673 3396; x_wconf 75' lang='lat'><strong>3⁸).</strong></span> 
     </span>
    </p>
   </div>
   <div class='ocr_carea' id='block_1_3' title="bbox 608 3441 2590 3712">
    <p class='ocr_par' dir='ltr' id='par_1_3' title="bbox 608 3441 2590 3712">
     <span class='ocr_line' id='line_1_30' title="bbox 608 3441 2589 3539; baseline 0.005 -32"><span class='ocrx_word' id='word_1_201' title='bbox 608 3444 671 3530; x_wconf 62' lang='lat'><strong>³³)</strong></span> <span class='ocrx_word' id='word_1_202' title='bbox 719 3446 1019 3511; x_wconf 86' lang='lat' dir='ltr'><strong>Ceterum</strong></span> <span class='ocrx_word' id='word_1_203' title='bbox 1073 3451 1130 3535; x_wconf 85' lang='lat'><strong>1)</strong></span> <span class='ocrx_word' id='word_1_204' title='bbox 1177 3464 1384 3514; x_wconf 80' lang='lat' dir='ltr'><strong>mater</strong></span> <span class='ocrx_word' id='word_1_205' title='bbox 1441 3464 1567 3515; x_wconf 74' lang='lat' dir='ltr'><strong>suo&#39;</strong></span> <span class='ocrx_word' id='word_1_206' title='bbox 1615 3451 1784 3514; x_wconf 89' lang='lat' dir='ltr'><strong>lacte</strong></span> <span class='ocrx_word' id='word_1_207' title='bbox 1837 3441 2177 3529; x_wconf 82' lang='lat' dir='ltr'><strong>infantem,</strong></span> <span class='ocrx_word' id='word_1_208' title='bbox 2242 3454 2415 3539; x_wconf 83' lang='lat' dir='ltr'><strong>quod</strong></span> <span class='ocrx_word' id='word_1_209' title='bbox 2458 3443 2589 3517; x_wconf 58' lang='lat' dir='ltr'><strong>m&#39;a·</strong></span> 
     </span>
     <span class='ocr_line' id='line_1_31' title="bbox 691 3532 2590 3620; baseline 0.006 -28"><span class='ocrx_word' id='word_1_210' title='bbox 691 3532 861 3595; x_wconf 87' lang='lat' dir='ltr'><strong>xime</strong></span> <span class='ocrx_word' id='word_1_211' title='bbox 907 3534 1137 3611; x_wconf 85' lang='lat' dir='ltr'><strong>decet,</strong></span> <span class='ocrx_word' id='word_1_212' title='bbox 1200 3539 1492 3620; x_wconf 74' lang='lat' dir='ltr'><strong>nutriens</strong></span> <span class='ocrx_word' id='word_1_213' title='bbox 1537 3537 1613 3600; x_wconf 83' lang='lat' dir='ltr'><strong>ab</strong></span> <span class='ocrx_word' id='word_1_214' title='bbox 1661 3537 2006 3614; x_wconf 77' lang='lat' dir='ltr'><strong>affectuum</strong></span> <span class='ocrx_word' id='word_1_215' title='bbox 2050 3541 2488 3616; x_wconf 74' lang='lat' dir='ltr'><strong>vehementia,</strong></span> <span class='ocrx_word' id='word_1_216' title='bbox 2549 3563 2590 3603; x_wconf 69' lang='lat' dir='ltr'><strong>a</strong></span> 
     </span>
     <span class='ocr_line' id='line_1_32' title="bbox 696 3619 2586 3712; baseline 0.004 -30"><span class='ocrx_word' id='word_1_217' title='bbox 696 3619 823 3682; x_wconf 85' lang='lat' dir='ltr'><strong>cibi</strong></span> <span class='ocrx_word' id='word_1_218' title='bbox 867 3635 1186 3710; x_wconf 85' lang='lat' dir='ltr'><strong>potusque</strong></span> <span class='ocrx_word' id='word_1_219' title='bbox 1231 3626 1572 3688; x_wconf 78' lang='lat' dir='ltr'><strong>insalubris</strong></span> <span class='ocrx_word' id='word_1_220' title='bbox 1619 3625 1971 3703; x_wconf 78' lang='lat' dir='ltr'><strong>sumtione‚</strong></span> <span class='ocrx_word' id='word_1_221' title='bbox 2016 3642 2084 3691; x_wconf 86' lang='lat' dir='ltr'><strong>et</strong></span> <span class='ocrx_word' id='word_1_222' title='bbox 2126 3630 2203 3691; x_wconf 85' lang='lat' dir='ltr'><strong>ab</strong></span> <span class='ocrx_word' id='word_1_223' title='bbox 2247 3628 2361 3703; x_wconf 78' lang='lat' dir='ltr'><strong>iis,</strong></span> <span class='ocrx_word' id='word_1_224' title='bbox 2419 3648 2586 3712; x_wconf 87' lang='lat' dir='ltr'><strong>quae</strong></span> 
     </span>
    </p>
   </div>
   <div class='ocr_carea' id='block_1_4' title="bbox 520 3795 2595 4239">
    <p class='ocr_par' dir='ltr' id='par_1_4' title="bbox 520 3795 2595 4148">
     <span class='ocr_line' id='line_1_33' title="bbox 520 3795 2590 3896; baseline 0.004 -32"><span class='ocrx_word' id='word_1_225' title='bbox 520 3821 523 3824; x_wconf 73' lang='grc'>’</span> <span class='ocrx_word' id='word_1_226' title='bbox 607 3806 716 3888; x_wconf 77' lang='grc'><strong>57)</strong></span> <span class='ocrx_word' id='word_1_227' title='bbox 768 3803 865 3876; x_wconf 74' lang='lat' dir='ltr'><strong>cf.</strong></span> <span class='ocrx_word' id='word_1_228' title='bbox 903 3804 1477 3868; x_wconf 75' lang='lat' dir='ltr'><strong>Schwarzkueber</strong></span> <span class='ocrx_word' id='word_1_229' title='bbox 1504 3806 1712 3887; x_wconf 69' lang='lat' dir='ltr'><strong>praltt.</strong></span> <span class='ocrx_word' id='word_1_230' title='bbox 1747 3805 1987 3869; x_wconf 72' lang='lat' dir='ltr'><strong>kathol.</strong></span> <span class='ocrx_word' id='word_1_231' title='bbox 2010 3795 2590 3896; x_wconf 77' lang='lat' dir='ltr'><strong>Religionshandb.</strong></span> 
     </span>
     <span class='ocr_line' id='line_1_34' title="bbox 695 3890 2595 3977; baseline -0.001 -21"><span class='ocrx_word' id='word_1_232' title='bbox 695 3913 761 3973; x_wconf 86' lang='lat' dir='ltr'><strong>p.</strong></span> <span class='ocrx_word' id='word_1_233' title='bbox 801 3892 910 3956; x_wconf 83' lang='lat' dir='ltr'><strong>IV.</strong></span> <span class='ocrx_word' id='word_1_234' title='bbox 949 3892 1004 3968; x_wconf 88' lang='lat'><strong>§.</strong></span> <span class='ocrx_word' id='word_1_235' title='bbox 1045 3890 1184 3955; x_wconf 85' lang='lat'><strong>166.</strong></span> <span class='ocrx_word' id='word_1_236' title='bbox 1217 3904 1284 3953; x_wconf 91' lang='lat' dir='ltr'><strong>et</strong></span> <span class='ocrx_word' id='word_1_237' title='bbox 1319 3891 1557 3953; x_wconf 80' lang='lat' dir='ltr'><strong>Caroli</strong></span> <span class='ocrx_word' id='word_1_238' title='bbox 1584 3891 1822 3955; x_wconf 75' lang='lat' dir='ltr'><strong>Stat-ck</strong></span> <span class='ocrx_word' id='word_1_239' title='bbox 1844 3913 2056 3955; x_wconf 85' lang='lat' dir='ltr'><strong>sermo</strong></span> <span class='ocrx_word' id='word_1_240' title='bbox 2088 3895 2367 3960; x_wconf 81' lang='lat' dir='ltr'><strong>academ.</strong></span> <span class='ocrx_word' id='word_1_241' title='bbox 2403 3916 2595 3977; x_wconf 83' lang='lat' dir='ltr'><strong>quar·-</strong></span> 
     </span>
     <span class='ocr_line' id='line_1_35' title="bbox 697 3975 2594 4065; baseline 0.003 -28"><span class='ocrx_word' id='word_1_242' title='bbox 697 3992 842 4048; x_wconf 80' lang='lat' dir='ltr'><strong>tus,</strong></span> <span class='ocrx_word' id='word_1_243' title='bbox 904 3997 1033 4060; x_wconf 89' lang='lat' dir='ltr'><strong>quo</strong></span> <span class='ocrx_word' id='word_1_244' title='bbox 1072 3992 1309 4040; x_wconf 84' lang='lat' dir='ltr'><strong>matres</strong></span> <span class='ocrx_word' id='word_1_245' title='bbox 1348 3975 1673 4051; x_wconf 81' lang='lat' dir='ltr'><strong>hortatur,</strong></span> <span class='ocrx_word' id='word_1_246' title='bbox 1735 3992 1804 4041; x_wconf 85' lang='lat' dir='ltr'><strong>ut</strong></span> <span class='ocrx_word' id='word_1_247' title='bbox 1842 3979 2018 4062; x_wconf 81' lang='lat' dir='ltr'><strong>ipsae</strong></span> <span class='ocrx_word' id='word_1_248' title='bbox 2057 4001 2200 4043; x_wconf 75' lang='lat' dir='ltr'><strong>suas</strong></span> <span class='ocrx_word' id='word_1_249' title='bbox 2235 3981 2455 4065; x_wconf 81' lang='lat' dir='ltr'><strong>proles</strong></span> <span class='ocrx_word' id='word_1_250' title='bbox 2504 3981 2594 4042; x_wconf 76' lang='lat' dir='ltr'><strong>la·</strong></span> 
     </span>
     <span class='ocr_line' id='line_1_36' title="bbox 704 4061 2445 4148; baseline 0.002 -23"><span class='ocrx_word' id='word_1_251' title='bbox 704 4075 922 4137; x_wconf 69' lang='lat' dir='ltr'><strong>ment,</strong></span> <span class='ocrx_word' id='word_1_252' title='bbox 965 4063 1213 4127; x_wconf 82' lang='lat' dir='ltr'><strong>habitus</strong></span> <span class='ocrx_word' id='word_1_253' title='bbox 1249 4063 1316 4124; x_wconf 91' lang='lat' dir='ltr'><strong>in</strong></span> <span class='ocrx_word' id='word_1_254' title='bbox 1359 4061 1553 4134; x_wconf 66' lang='lat' dir='ltr'><strong>audit.</strong></span> <span class='ocrx_word' id='word_1_255' title='bbox 1591 4063 1766 4145; x_wconf 86' lang='lat' dir='ltr'><strong>publ.</strong></span> <span class='ocrx_word' id='word_1_256' title='bbox 1805 4068 2100 4148; x_wconf 85' lang='lat' dir='ltr'><strong>Mogunt.</strong></span> <span class='ocrx_word' id='word_1_257' title='bbox 2141 4068 2220 4130; x_wconf 88' lang='lat' dir='ltr'><strong>A.</strong></span> <span class='ocrx_word' id='word_1_258' title='bbox 2267 4066 2445 4132; x_wconf 83' lang='lat'><strong>1801.</strong></span> 
     </span>
    </p>

    <p class='ocr_par' dir='ltr' id='par_1_5' title="bbox 612 4146 2442 4239">
     <span class='ocr_line' id='line_1_37' title="bbox 612 4146 2442 4239; baseline -0.001 -25"><span class='ocrx_word' id='word_1_259' title='bbox 612 4146 722 4237; x_wconf 75' lang='grc'><strong>58)</strong></span> <span class='ocrx_word' id='word_1_260' title='bbox 771 4146 869 4210; x_wconf 84' lang='lat' dir='ltr'><strong>Cf.</strong></span> <span class='ocrx_word' id='word_1_261' title='bbox 904 4148 1093 4233; x_wconf 79' lang='lat' dir='ltr'><strong>Aug.</strong></span> <span class='ocrx_word' id='word_1_262' title='bbox 1127 4149 1471 4215; x_wconf 79' lang='lat' dir='ltr'><strong>Hermann</strong></span> <span class='ocrx_word' id='word_1_263' title='bbox 1506 4146 1868 4234; x_wconf 77' lang='lat' dir='ltr'><strong>Niemeyer</strong></span> <span class='ocrx_word' id='word_1_264' title='bbox 1900 4147 1946 4214; x_wconf 89' lang='lat' dir='ltr'><strong>l.</strong></span> <span class='ocrx_word' id='word_1_265' title='bbox 1978 4172 2031 4217; x_wconf 80' lang='lat' dir='ltr'><strong>o.</strong></span> <span class='ocrx_word' id='word_1_266' title='bbox 2066 4149 2120 4230; x_wconf 88' lang='lat'><strong>§.</strong></span> <span class='ocrx_word' id='word_1_267' title='bbox 2160 4172 2260 4238; x_wconf 81' lang='lat'><strong>27.</strong></span> <span class='ocrx_word' id='word_1_268' title='bbox 2299 4173 2442 4239; x_wconf 72' lang='lat' dir='ltr'><strong>sqq.</strong></span> 
     </span>
    </p>
   </div>
  </div>
 </body>
</html>
