2846 4770
595 377 723 448 2⁵ss
741 368 860 443 De·
870 363 1118 443 christ.
1134 372 1380 441 virtut.
1393 342 1984 459 perfectionisque
2000 372 2354 444 subsidiis.
2373 371 2531 440 Sese.
2545 375 2624 440 11.

760 551 999 624 fletu,
1043 546 1427 633 consepulti
1464 566 1685 610 sumus
1727 565 1873 609 cum
1914 544 2060 630 ipso
2085 590 2102 622 ,
2145 561 2217 610 ut
2261 545 2327 607 in
2369 549 2624 608 novitate

759 641 982 717 ’vitae
1036 636 1472 698 ambulemus
1522 635 1678 720 82).«
1726 631 1934 695 ,Idem
1994 631 2061 716 2)
2122 630 2396 696 dilucide
2444 628 2626 694 definit

758 737 829 789 et
886 719 1156 804 exponit
1199 720 1655 785 Tridentinum
1700 718 1830 803 23);
1893 735 1961 783 et
2022 742 2146 806 per
2186 718 2405 804 praxin
2456 716 2629 782 eccle?

764 809 897 874 siae
929 809 1255 895 antiquam
1289 807 1516 872 itidem
1556 804 1640 893 (ᾗ.
1674 825 1893 893 praec.
1926 808 2018 893 n.)
2050 808 2468 872 confirmatur.

1499 998 1563 1077 5.
1615 997 1763 1083 746.
1864 970 1867 971 ⁷

493 1112 536 1189 ‚⁸
592 1127 664 1215 6)
686 1126 869 1206 Ejus
881 1123 1307 1189 advirtutem
1323 1125 1780 1188 christianam
1794 1144 1993 1209 prom
2002 1125 2326 1187 avendum
2342 1125 2625 1212 efficacia.

795 1282 1223 1398 Baptismus
1278 1318 1374 1365 ex
1447 1318 1539 1367 eo
1594 1295 1819 1367 etiam
1888 1294 2179 1394 insigne
2237 1295 2629 1368 christianae

592 1402 889 1484 virtutis
928 1400 1074 1474 erit
1108 1396 1569 1487 subsidium,
1622 1398 1685 1491 si
1733 1397 1804 1497 1)
1847 1401 2183 1497 insignes
2218 1415 2296 1472 et
2337 1399 2635 1473 excelsos
2728 1404 2733 1413 '

595 1505 943 1610 ejusdem
975 1502 1316 1606 effectus
1349 1499 1466 1602 (ἕ.
1494 1510 1699 1599 744.)
1728 1520 1802 1577 et
1828 1503 2106 1577 Christi
2145 1505 2495 1603 promissa
2522 1503 2632 1576 sre-

595 1625 913 1712 quenter
951 1634 1122 1685 cum
1160 1608 1410 1680 animo
1450 1623 1659 1706 grato
1696 1606 2255 1708 perpendentes
2302 1610 2391 1681 ad
2424 1609 2546 1682 Dei
2572 1604 2634 1678 ¹e't

595 1714 878 1790 Christi
914 1737 1250 1786 amorem
1297 1737 1438 1784 nos
1482 1711 2083 1803 exstimulemus3
2122 1713 2185 1785 si
2232 1719 2311 1805 2)
2319 1706 2634 1814 foederis

596 1818 1095 1917 baptismalis,
1130 1840 1216 1889 ac
1254 1833 1768 1916 susceptarum
1802 1843 1941 1918 per
1975 1815 2056 1889 id
2089 1818 2633 1916 grav1ssimarum
2690 1819 2698 1826 '

596 1921 1141 2023 obligationum
1194 1921 1637 2013 memoriam
1693 1922 2034 2022 saepiuS‚
2091 1922 2431 2022 inprimis
2481 1947 2534 1993 e.
2585 1945 2635 2017 g.
2747 1926 2754 1935 ’

595 2028 677 2099 in
722 2026 866 2099 die‘
901 2022 1181 2113 natali,
1238 2041 1363 2098 aut
1413 2023 1545 2096 ubi
1595 2024 1690 2098 ad
1740 2053 1798 2099 s.
1860 2027 2177 2123 synaxin
2230 2025 2637 2109 accedimus,
2686 2098 2689 2103 ,

596 2130 727 2205 ubi
782 2124 1098 2204 aliorum
1151 2125 1531 2228 baptismo
1588 2128 1936 2202 adsumus
2010 2145 2155 2205 etc.
2184 2187 2209 2224 ,
2265 2126 2638 2229 singillatim

599 2234 1197 2311 et'considerate
1250 2249 1712 2332 repetamus,
1768 2259 1940 2307 cum
1992 2233 2084 2307 iis
2140 2235 2401 2308 officiis
2452 2233 2638 2306 vitam

596 2338 986 2440 hucusque
1062 2350 1301 2412 actam
1375 2361 1895 2438 comparemus
1970 2354 2049 2412 et
2120 2337 2470 2439 deinceps
2534 2358 2640 2407 ceu

596 2444 850 2535 Patri,
921 2438 1116 2515 Filio
1178 2455 1252 2513 et
1312 2441 1624 2541 Spiritui
1686 2460 1947 2516 sancto
2005 2444 2286 2516 initiati
2341 2461 2640 2540 tanquam
2696 2447 2699 2450 '

597 2543 747 2619 *Dei
782 2544 960 2641 filii,
1015 2544 1293 2619 Christi
1346 2544 1687 2619 membra
1741 2563 1815 2620 et
1855 2546 2134 2648 templa
2178 2549 2484 2649 Spiritus
2516 2568 2642 2616 san-

599 2650 704 2724 cti
740 2648 970 2724 vitam
1013 2674 1332 2741 novam,
1388 2650 1673 2725 Christi
1723 2652 2073 2753 exemplo
2116 2668 2642 2725 consentaneam

601 2759 1028 2828 sanctamve
1059 2779 1195 2827 nos
1222 2754 1550 2829 victuros
1577 2781 1737 2828 esse
1763 2781 2280 2855 proponamus
2297 2787 2322 2850 3
2353 2756 2411 2827 si
2430 2752 2502 2850 3)
2523 2773 2642 2822 sae-

599 2859 812 2959 pius,
867 2874 1222 2957 quantum
1268 2858 1348 2930 in
1401 2858 1553 2932 hoc
1606 2861 2003 2960 proposito
2050 2859 2485 2959 exequendo
2523 2854 2644 2926 sue-

599 2964 835 3036 rimus
887 2963 1305 3061 progressi,
1376 2960 1769 3036 nobiscum
1826 2964 2420 3063 perpendamus,
2479 2957 2642 3032 idem

515 3067 520 3074 ’
603 3066 1075 3167 propositum
1140 3091 1634 3156 renovemus,
1706 3092 1792 3139 ac
1848 3066 2207 3141 adhibitis
2262 3060 2644 3143 fortioribus

606 3169 958 3244 subsidiis
1001 3169 1431 3243 executioni
1479 3168 1658 3244 dare
1698 3186 2139 3273 satagamus.
2588 3196 2607 3212 ²

695 3373 759 3459 ⁴⁵)
807 3374 896 3452 ld>
925 3373 1281 3459 praecipue
1345 3389 1480 3438 tum
1526 3377 1675 3460 ipsi
1724 3375 1946 3444 facere
1994 3376 2275 3454 debent,
2336 3392 2464 3441 tum
2502 3386 2564 3435 ut
2593 3365 2647 3429 id

775 3459 1058 3535 faciant,
1119 3484 1152 3522 a
1195 3463 1511 3545 patrinis,
1575 3474 1684 3526 aut
1740 3464 2114 3548 pastoribus
2173 3466 2510 3528 animarum
2563 3454 2645 3517 ad·

774 3543 1086 3610 monendi
1125 3560 1309 3624 sunt,
1346 3535 1477 3633 qui·
1505 3548 1588 3611 sd
1621 3573 1683 3624 s.
1720 3550 2268 3638 confirmationis
2303 3562 2643 3616 sacramen·

774 3648 923 3700 tum
953 3633 1274 3700 secedere
1304 3648 1555 3723 parant.
2160 3667 2164 3672 ·

693 4010 804 4094 22)
846 4011 1081 4076 Mans.
1125 4008 1428 4080 xxvm.
1470 4032 1569 4100 19,
1604 4010 1810 4078 Marc.
1847 4009 2021 4083 xvl.
2061 3975 2342 4080 162A0t.
2378 3983 2458 4076 11.
2485 4003 2576 4076 36.
2606 4002 2647 4064 ¹·

780 4097 932 4162 Cor.
973 4094 1149 4166 xvl.
1188 4099 1290 4167 25.
1327 4101 1519 4165 Rom.
1553 4101 1666 4169 Vl.
1703 4097 1766 4163 5.
1803 4121 1899 4186 sq.
2370 4117 2373 4120 ’

694 4181 804 4268 23)
850 4183 1146 4294 Trident.
1182 4207 1338 4253 sess.
1366 4185 1485 4260 vl,
1523 4185 1606 4251 de
1642 4183 1840 4269 justif.
1877 4208 1934 4252 c.
1971 4188 2033 4251 6.
