2846 4770
559 385 578 422 ι
594 385 676 448 7⁰
697 318 950 451 officia
969 357 1255 446 special.
1276 369 1444 425 cett.
1466 370 1675 421 aetat.
1697 358 1955 424 condit.
1974 367 2108 418 etc.
2130 356 2314 416 lzom.
2342 351 2394 415 S
2397 365 2527 417 eet.
2547 350 2640 417 II.

540 548 858 632 prante,
883 557 1086 631 quae
1113 548 1371 607 contra
1409 530 1795 606 illusorum
1821 529 2091 603 horum
2128 527 2451 602 fallacias
2473 544 2629 603 tam

544 635 868 711 sollicite
893 635 1149 710 fideles
1190 654 1626 737 praemonet
1659 634 1754 726 45)
1819 650 1892 707 et
1946 635 2411 733 praemunit,
2465 658 2625 706 mo-

545 743 698 815 nita
767 748 874 837 (§·
926 766 1166 842 praec.
1217 750 1406 832 not.)
1460 758 1535 816 et
1577 740 2133 831 auctoritatem,
2188 756 2344 812 tum
2398 738 2627 811 maxi-

547 872 668 919 me
706 844 1097 917 infallibile
1140 846 1497 923 ecclesiae
1545 844 2043 943 magisterium
2076 869 2449 940 nunquam
2473 868 2629 915 non

548 976 835 1022 summe
884 969 1385 1026 revereantur.
1466 953 1607 1041 Qui
1666 952 1863 1020 enim
1909 948 2298 1020 ecclesiam
2348 964 2422 1020 et
2472 948 2629 1044 ejus

549 1070 881 1126 rectores
938 1054 1190 1143 audit,
1244 1056 1491 1153 ipsum
1546 1058 1785 1127 Deum
1843 1052 2367 1149 Christumque
2422 1049 2634 1122 audit

557 1153 698 1248 46);
762 1156 990 1232 »Nam
1034 1158 1193 1257 ipse
1231 1163 1433 1254 Deus
1490 1159 1699 1232 dedit
1754 1213 1770 1231 .
1828 1216 1845 1230 .
1906 1215 1927 1235 .
1984 1177 2317 1256 pastores
2368 1172 2443 1227 et
2495 1153 2631 1228 do-

553 1277 848 1339 »ctores
892 1316 910 1335 .
945 1313 964 1333 .
1004 1316 1021 1334 .
1081 1278 1162 1334 ut
1201 1290 1352 1337 non
1391 1265 1539 1362 jam
1587 1263 1814 1335 simus
1856 1259 2144 1359 parvuli
2188 1257 2626 1335 fluctuantes

556 1382 678 1443 »et
734 1365 1345 1440 circumferamur
1397 1367 1604 1439 omni
1662 1382 1883 1439 vento
1934 1364 2320 1438 doctrinae
2370 1364 2448 1434 in
2503 1390 2633 1434 ne·-

556 1469 836 1570 »quitia
875 1469 1266 1544 hominum
1288 1510 1315 1566 ‚-
1351 1471 1432 1542 in
1467 1470 1732 1545 astutia
1778 1470 1873 1543 ad
1909 1468 2628 1565 circumventionem

552 1574 904 1652 nemoris.
980 1575 1389 1649 Veritatem
1455 1591 1698 1647 autem
1764 1574 2118 1648 facientes
2182 1572 2260 1643 in
2313 1571 2628 1644 charita-

553 1694 674 1756 »te
726 1702 1143 1752 crescamus
1202 1680 1283 1752 in
1319 1678 1452 1763 illo
1509 1706 1644 1779 per
1684 1680 1977 1773 omnia,
2030 1676 2161 1778 qui
2216 1691 2328 1751 est
2362 1691 2626 1778 caput,

539 1782 947 1859 »Christus
983 1786 1168 1875 47).«
1554 1784 1561 1789 ’
1940 1800 1948 1811 ’

621 1923 685 2015 ²⁸¹)
732 1930 1008 1991 Praeter
1052 1928 1213 1991 haec
1263 1928 1485 1991 officia
1538 1948 1697 2012 erga
1752 1926 2044 1992 eruditos
2097 1926 2301 1990 cuivis
2361 1923 2617 2007 privato

705 2016 1069 2077 communia
1095 2059 1111 2084 ,
1159 2015 1283 2077 alia
1318 2037 1476 2100 erga
1513 2015 1780 2079 eosdem
1816 2014 1877 2097 a)
1906 2012 2459 2097 magistratibus,
2493 2010 2616 2072 alia

701 2099 769 2183 b)
806 2103 1210 2164 censoribus
1247 2102 1662 2187 incumbunt:
1706 2102 2040 2186 nempe.1)
2077 2099 2484 2183 magistratus
2522 2095 2615 2159 uti

704 2186 1048 2262 scientias,
1111 2202 1321 2261 artes,
1382 2189 1644 2252 notitias
1681 2188 1875 2251 utiles
1923 2200 1992 2250 et
2036 2184 2472 2260 necessarias,
2532 2184 2620 2246 ita

702 2273 997 2337 eruditos
1042 2293 1116 2335 ac
1162 2272 1468 2338 doctores
1514 2275 1933 2348 auctoritate,
1995 2271 2418 2343 liberalitate,
2483 2269 2618 2353 opi-

702 2359 824 2422 bus
856 2359 1130 2444 fovere,
1178 2382 1250 2423 ae
1300 2362 1661 2427 liberaliter
1695 2376 2095 2439 sustentare,
2142 2359 2616 2422 malesanorum
2674 2430 2683 2444 ι

702 2461 921 2510 autem
976 2447 1304 2509 molimina
1362 2451 1726 2532 reprimere
1783 2463 2108 2512 tenentur.
2173 2444 2236 2526 2)
2286 2448 2616 2508 Censores

700 2553 865 2598 vero
885 2552 959 2596 ac
978 2534 1469 2617 ephemeridum
1490 2537 1948 2600 litterariarum
1987 2536 2344 2618 scriptores
2371 2528 2439 2590 id
2478 2550 2622 2592 eru-

702 2617 857 2682 ditis
891 2640 966 2683 ac
1002 2620 1401 2703 reipublicae
1434 2624 1789 2688 litterariae
1820 2622 2080 2694 debent,
2118 2635 2187 2682 ut
2219 2641 2254 2681 a
2295 2613 2617 2702 praejudi-

699 2705 856 2781 ciis,
902 2729 937 2769 a
970 2708 1244 2792 partium
1281 2723 1348 2773 et
1382 2726 1705 2774 sectarum
1755 2709 2023 2781 studiis,
2071 2708 2149 2769 ab
2187 2705 2360 2778 odii,
2406 2723 2621 2765 aemu-

700 2791 982 2870 lationis,
1022 2794 1341 2859 vindietae
1376 2796 1718 2861 affectibus
1755 2793 2132 2859 alienissimi
2169 2813 2299 2854 uno
2332 2792 2619 2853 sincero·

705 2891 834 2964 qu'e
897 2881 1188 2947 veritatis
1247 2882 1465 2947 studio
1511 2885 1829 2949 ducantur
1893 2883 1978 2968 (ς.
2036 2881 2188 2965 574.
2236 2901 2297 2941 n·
2349 2878 2488 2959 2.),
2551 2887 2647 2937 8¹³¹

611 3020 618 3025 ,
701 2966 773 3029 in
813 2969 1160 3032 censendis
1200 2969 1459 3054 scriptis
1497 2993 1628 3033 non
1665 2969 1945 3053 justitiae
1982 2967 2228 3038 solum,
2273 2963 2389 3027 sed
2435 2980 2622 3047 quam

705 3056 983 3119 maxime
1029 3057 1248 3119 etiam·
1275 3057 1601 3120 charitatis
1640 3055 2032 3120 christianae
2057 3098 2074 3128 ‚
2117 3050 2502 3135 prudentiae
2549 3069 2621 3112 ao

708 3141 1063 3208 modestiae
1106 3142 1290 3224 leges
1326 3156 1611 3207 servent.
1677 3142 1985 3209 Ceterum
2026 3140 2107 3203 de
2147 3158 2489 3201 censorum
2526 3133 2617 3198 of·
2676 3214 2680 3218 .

707 3222 871 3289 ficiis
903 3228 1203 3311 vitiisque
1237 3228 1369 3292 vid.
1416 3232 1866 3294 Mur-aterius
1897 3231 1981 3294 de
2016 3229 2452 3311 ingeniorum
2477 3243 2613 3286 mo-

721 3315 1074 3378 deratione
1110 3315 1187 3383 L.
1217 3317 1302 3381 Π.
1333 3335 1393 3382 c.
1443 3315 1627 3383 1—-6,

630 3543 741 3623 45)
788 3547 838 3608 Ῑ.
878 3545 1160 3611 Timoth.
1197 3550 1309 3617 tv.
1354 3576 1410 3615 ι.
1439 3573 1533 3636 sq.
1573 3553 1655 3615 11.
1679 3551 1969 3616 Timoth.
2006 3553 2119 3626 111,
2160 3571 2348 3633 1-7.
2392 3542 2619 3613 naw-

714 3632 778 3700 5.
822 3635 905 3700 ΙΙ,
955 3636 1129 3698 Petr.
1165 3637 1275 3700 ΙΙΙ.
1310 3639 1372 3705 5.
1409 3638 1640 3704 Judae.
1680 3638 1779 3704 18.

636 3719 747 3803 46)
794 3721 1024 3789 Matth.
1058 3723 1292 3787 xvul.
1340 3748 1439 3809 ¹7·
1477 3729 1640 3824 Luc,
1681 3727 1764 3796 X.
1812 3726 1910 3793 ιδ.

638 3812 749 3897 47)
798 3811 1020 3898 Ephcs
1081 3814 1191 3881 IV.
1239 3812 1503 3881 11—15.
