2846 4770
220 302 253 335 S

408 378 482 441 C.
523 374 659 443 1V.
694 378 813 439 De
838 375 1099 463 officiis
1136 377 1317 442 inter
1354 379 1560 442 heros
1597 391 1666 443 et
1681 380 2034 465 famulos.
2184 379 2271 459 45

177 571 325 629 tem
378 551 899 652 pietatemque
942 547 1187 624 verbis
1234 567 1308 626 et
1352 552 1712 654 exemplis
1762 555 2147 627 instituere
2198 562 2270 626 e't

178 681 628 760 promovere
656 672 1015 753 satagant.
1063 661 1134 742 4)
1160 658 1395 733 Vitae
1427 662 1658 729 etiam
1690 664 1956 729 eorum
1981 662 2270 730 sanita·-

176 769 441 864 tique,
498 786 581 832 ac
621 760 1367 856 corporisfirmitati
1401 762 1805 834 servandae
1844 787 2096 834 curam
2136 762 2270 832 im-

158 867 539 967 pendant·
596 865 840 954 Quare
885 869 950 955 a)
997 863 1191 935 victu
1236 861 1632 958 insalubri,
1688 884 1809 937 aut
1847 866 2269 938 immodicis

181 967 575 1043 laboribus
636 965 944 1064 aliisque
1004 967 1255 1039 modis
1321 994 1577 1041 eorum
1652 972 1844 1042 v-ires
1900 994 2053 1041 non
2116 986 2268 1041 tan·

183 1090 348 1146 tum
407 1095 571 1142 non
625 1071 995 1169 frangant,
1067 1071 1201 1143 sed
1255 1072 1502 1168 potius
1557 1069 1866 1172 paterne
1923 1073 2267 1165 foveant,

185 1193 421 1273 atque
494 1175 675 1246 forte
749 1174 1299 1273 aegrotantibus
1370 1176 1813 1275 singularem
1889 1202 2267 1269 amorem,

185 1294 712 1398 promtamque
756 1304 975 1377 opem
1022 1278 1111 1349 ad
1168 1279 1592 1379 exemplum
1635 1278 2042 1379 evangelici
2093 1306 2263 1353 cen-

94 1414 99 1421 ·
183 1384 503 1457 turionis
548 1379 646 1477 66)
692 1382 1035 1455 lubenter
1078 1380 1549 1481 solliciteque
1602 1401 2050 1484 piaestent.
2078 1385 2264 1457 Nam

186 1514 355 1579 e03,
415 1489 539 1582 qui
582 1485 834 1558 fidelia
882 1486 1096 1559 nobis
1133 1487 1490 1604 obsequia
1531 1492 2011 1587 praestitere,
2065 1506 2265 1580 tum,

182 1617 395 1665 ‘cum
417 1615 562 1689 ope
614 1608 867 1667 nostra
920 1592 1264 1690 inprimis
1320 1592 1699 1690 indigent,
1774 1594 2160 1680 deserere,
2229 1619 2269 1664 a

190 1695 602 1767 christiana
660 1694 1018 1766 charitate
1074 1718 1435 1793 perquam
1495 1694 1819 1766 alienum
1880 1708 2009 1766 est.
2083 1698 2269 1765 Item

192 1800 285 1890 5)
303 1797 603 1899 famae
644 1814 720 1869 et
757 1802 1280 1872 aestimationi
1317 1823 1573 1870 eorum
1621 1797 1812 1870 bene
1854 1794 2271 1889 consulant,

188 1901 473 1977 honam
516 1900 607 1991 de
645 1902 732 1974 iis
769 1904 1206 2004 opinionem
1252 1903 1493 1994 alant,
1533 1927 1810 1975 naevos
1849 1927 2104 1975 eorum
2146 1901 2274 1974 be-

190 2007 420 2105 nigne
465 2024 867 2100 excusent,
922 2031 1062 2079 nec
1103 2007 1297 2078 circa
1339 2008 1858 2080 necessitatem
1902 2005 2064 2078 aliis
2103 2032 2274 2107 ape·

186 2112 423 2205 riant;
481 2112 730 2210 potius
784 2112 1054 2184 famam
1110 2137 1244 2210 per
1287 2109 1602 2183 aliorum
1656 2112 1808 2184 fors
1864 2110 2272 2184 delationes

187 2212 611 2305 lacessitam
636 2232 1008 2308 tueantur,
1044 2241 1185 2287 nec
1210 2212 1474 2286 leviter
1499 2214 2021 2288 susurronibus
2050 2215 2271 2286 fidem

192 2298 541 2393 habeant.
599 2322 676 2407 6)
709 2318 873 2411 Non
913 2319 1134 2393 modo
1163 2334 1483 2414 pactam
1516 2322 1956 2392 alimoniam
1991 2342 2277 2397 merce-

195 2425 527 2526 demque
568 2423 839 2496 iisdem
887 2426 1312 2516 exsolvant,
1368 2424 1501 2496 sed
1544 2421 1886 2496 liberales
1931 2424 2151 2495 etiam
2195 2421 2273 2496 in

196 2554 326 2601 eos
358 2531 549 2621 sint,
589 2530 932 2627 inprimis
963 2525 1324 2628 speciales
1356 2526 1650 2601 labores
1685 2545 1809 2600 aut
1846 2529 2277 2626 praestitam

193 2629 636 2707 fidelitatem
677 2636 894 2730 grati
927 2648 1370 2734 agnoscant,
1437 2650 1508 2705 et
1547 2634 1771 2705 variis
1813 2632 2054 2704 modis
2097 2632 2276 2705 libe·

198 2735 501 2810 raliter
535 2754 1121 2811 remunerentur
1151 2733 1274 2828 ⁶⁷).
1328 2737 1529 2829 Imo,
1574 2739 1635 2809 si
1678 2735 1836 2807 fleri
1869 2751 2160 2834 potest,
2206 2742 2278 2831 7)

196 2855 474 2914 curent
521 2833 777 2931 etiam,
845 2858 926 2914 ut
971 2843 1024 2914 ii
1080 2853 1249 2940 post
1296 2858 1629 2912 exactam
1684 2838 2005 2911 fideliter
2049 2840 2278 2912 servi-

93 3009 102 3019 .
196 2961 486 3036 tutem,
541 2935 971 3041 praesertim
1017 2943 1605 3034 diuturniorem,
1658 2968 1799 3039 pro
1847 2937 2281 3012 conditione

197 3075 326 3121 sua
398 3046 594 3119 bene
667 3047 1171 3137 collocentur,
1249 3066 1322 3118 et
1390 3059 1590 3117 sorte
1661 3069 2018 3145 prospera
2076 3056 2281 3114 utan-

195 3167 317 3225 tur
360 3149 491 3244 6Β).
565 3155 883 3225 Demum
931 3153 1003 3245 8)
1048 3153 1540 3226 inter'servos
1578 3173 1889 3246 pacem,
1963 3171 2280 3221 concor·-

201 3254 417 3343 diam
470 3275 544 3328 et
596 3257 1080 3329 christianam
1144 3255 1686 3329 officiositatem
1745 3278 1883 3353 pro
1938 3250 2304 3353 possibili·

260 3373 737 3451 romoveant3
795 3376 885 3433 et.
913 3387 1067 3434 non
1121 3361 1265 3459 ipsi
1312 3356 1551 3430 solum
1611 3385 1736 3430 eos
1784 3356 2100 3457 benigne
2155 3357 2280 3429 ha·

195 3383 467 3553 beant,
535 3465 669 3535 sed
713 3480 791 3535 ut
831 3493 869 3537 a
912 3466 1060 3537 suis
1108 3468 1327 3537 etiam
1377 3460 1798 3536 liberaliter*
1833 3478 2280 3552 tractentur,

178 3593 344 3667 «pro
386 3569 824 3664 auctoritate
866 3584 1149 3643 curent.

280 3861 394 3936 66)
444 3864 606 3927 Iuc
640 3862 786 3927 VII
828 3875 890 3926 2.
934 3860 1290 3949 sq.Matth.
1333 3858 2201 3932 vl1.6.1.'1⁴imoth.v.8.

283 3949 397 4029 67)
455 3949 633 4016 Eccl.
670 3934 816 4011 Vll.
863 3966 966 4013 22.
1005 3974 1099 4035 sq.

280 4034 392 4106 68)
445 4035 544 4101 Cf.
580 4036 826 4098 VVinlte
864 4036 970 4099 fiir
1005 4035 1511 4109 Heri-sebasten,
1555 4058 1661 4097 um
1694 4016 1891 4095 ihnen
1924 4033 2030 4097 die
2067 4031 2294 4107 wahl,

363 4121 847 4205 Behandlun'g‚
909 4123 1198 4208 Bildung
1248 4123 1378 4184 und
1391 4126 1854 4204 Vereor-gang
1900 4121 2016 4184 des
2062 4121 2294 4186 Geniu-

369 4209 495 4275 ‹les
530 4231 621 4275 zu
662 4209 1083 4279 ethic-litem.
1129 4221 1199 4287 4.
1224 4209 1516 4276 Abscbn.
1555 4208 1784 4292 Leipa.
1829 4207 2017 4297 1798.
