2846 4770
199 389 270 456 C.
289 388 373 454 II.
395 383 565 448 Art.
592 386 671 447 V.
688 382 943 464 Imped.
963 378 1214 442 morat.
1239 399 1330 443 ea:
1344 391 1551 463 parte
1570 390 1717 440 stat
1745 377 2130 461 politioris.
2172 388 2287 456 241
2367 347 2379 357 .

204 565 444 660 dique¹
474 555 740 630 modus
795 580 949 628 non
985 550 1381 627 mollitiem
1422 548 1664 625 solum
1710 568 1785 625 et
1821 550 2076 625 luxum
2114 548 2335 646 olet„

200 669 341 742 sed
387 661 829 737 modestiam
871 657 1151 750 laedit,
1206 673 1283 729 et
1320 656 1412 729 ad
1455 654 1855 729 libidinem
1901 657 2299 730 vehemen-

197 790 323 847 ter
391 782 758 870 provocat
829 764 949 848 (cf.
1008 771 1082 859 §-
1137 766 1312 858 549.
1370 759 1525 857 n.);
1598 760 1775 833 dum
1830 761 1907 854 h)
1987 758 2301 833 liberior

202 903 379 952 cum
426 899 607 946 sexu
656 869 889 942 altero
930 867 1271 965 jocandi,
1324 864 1731 964 loquendi,
1789 863 2056 963 agendi
2109 867 2302 938 ratio

198 979 439 1054 veluti
496 973 868 1075 politioris
924 972 1152 1045 moris
1208 969 1588 1070 appendix
1653 970 1974 1044 castitati
2027 994 2113 1042 ac
2168 996 2299 1069 pu·

202 1085 381 1160 dori
439 1080 748 1152 exitium
805 1094 1048 1177 parat3
1107 1075 1282 1148 dum
1341 1079 1409 1165 c)
1468 1073 1616 1146 vita
1672 1089 1797 1145 aut
1850 1075 2126 1168 otiosa,
2183 1091 2307 1146 aut
2411 1131 2419 1140 .

205 1189 471 1282 nugis,
525 1186 678 1255 imo
734 1179 1173 1281 periculosis
1217 1179 1458 1282 ‘anirni
1512 1174 2140 1270 relaxationibuS,
2193 1178 2302 1249 in-

205 1290 525 1367 utilibus
581 1287 942 1385 malisque
999 1282 1399 1380 colloquiis
1469 1280 1712 1355 dicata
1786 1284 2112 1380 cujusvis
2167 1285 2307 1355 uti-

205 1399 305 1471 lis
366 1392 924 1493 occupationis,
999 1388 1276 1471 nedum
1334 1387 1628 1460 virtutis
1690 1389 2033 1460 *taedium
2088 1388 2308 1459 indu-

208 1502 319 1576 cit
348 1558 368 1592 ,
414 1499 784 1594 variisque
828 1495 1027 1568 vitiis
1066 1490 1287 1563 latam
1326 1507 1622 1590 portam
1664 1492 1903 1591 aperit
1931 1498 2043 1588 (S.
2071 1489 2311 1588 374).

208 1610 297 1689 6)
335 1606 570 1679 Circa
591 1604 1083 1673 matrimonia
1109 1611 1186 1668 et
1188 1596 1445 1689 fidem
1463 1596 1951 1694 conjugalem
1967 1622 1996 1685 ;
2035 1595 2211 1666 dum
2241 1596 2312 1692 a)

208 1709 348 1782 illa
387 1706 622 1804 magis
661 1703 753 1775 ad
782 1705 1152 1776 rationum
1195 1697 1699 1798 politicarum,
1738 1725 1957 1795 quam
1985 1699 2314 1798 pruden-

213 1816 371 1885 tiae
414 1810 865 1883 christianae
910 1803 1198 1904 regulas
1251 1818 1700 1895 nectuntur3
1757 1802 1932 1873 dum
1974 1802 2048 1891 b)
2104 1803 2182 1873 in
2220 1805 2310 1876 iis

214 1917 401 1991 fidei
449 1911 820 2013 conjugali
877 1910 1186 1982 inimica
1224 1907 1592 2006 quaedam
1640 1904 1868 1977 veluti
1920 1905 2315 1980 tolerantia

212 2023 315 2095 ad
374 2045 663 2093 morem
736 2017 1054 2116 politum
1125 2012 1507 2111 pertinere
1580 2009 1928 2102 videtur3
2009 2012 2187 2084 dum
2245 2018 2312 2099 c)

213 2126 677 2200 concinnum
750 2119 1156 2193 solenneve
1228 2114 1584 2208 habetur,
1653 2131 1737 2187 ut
1785 2140 1978 2186 uxor
2032 2114 2318 2203 alienos

215 2228 594 2318 cultores,
664 2226 969 2297 maritus
1041 2248 1254 2317 suas,
1333 2246 1516 2321 quas
1591 2218 2003 2321 impensius
2075 2217 2321 2313 colat,

212 2334 582 2410 faeminas
612 2328 884 2438 habeat
920 2345 1065 2407 etc·
1730 2318 1745 2335 “
1804 2320 1813 2329 i

308 2534 377 2619 ⁴³)
431 2534 734 2596 Ceterum
767 2527 888 2604 his,
927 2549 1104 2615 quae
1126 2550 1208 2591 ex
1249 2523 1573 2611 politioris
1599 2521 1818 2587 mundi
1851 2515 2322 2597 aestimatione,

213 2654 242 2678 κ
402 2639 703 2683 sermone
743 2632 810 2680 et
844 2617 1159 2695 exemplis
1196 2615 1544 2696 moralitati
1583 2614 1852 2674 adversa
1894 2610 2318 2693 proveniunt,

403 2704 886 2791 impedimentis
932 2704 1104 2766 varia
1143 2702 1387 2783 opponi
1434 2695 1704 2783 'possunt
1757 2698 2085 2759 remedia:
2125 2692 2325 2778 inpri-

408 2796 528 2855 mis
578 2792 632 2876 ι)
692 2806 763 2853 ut
794 2791 875 2853 de
916 2813 1069 2853 vera
1107 2788 1386 2848 hominis
1435 2785 1748 2870 dignitate
1786 2802 1853 2845 et
1887 2782 2184 2844 decentia
2231 2783 2326 2861 ju-

407 2881 685 2943 stissima
717 2899 1014 2960 veraque
1049 2878 1208 2938 idea
1244 2896 1325 2937 ex
1360 2876 1659 2935 rationis
1695 2883 1761 2931 et
1796 2869 2145 2951 evangelii
2174 2869 2331 2943 lege

404 2966 681 3052 figatur3
716 2979 788 3026 ut
822 2965 885 3048 2)
923 2962 1006 3025 ad
1040 2962 1205 3024 hanc
1239 2961 1456 3044 legem
1489 2956 1690 3019 moris
1728 2953 1896 3016 male
1924 2952 2155 3034 politi,
2192 2972 2332 3011 ser-

328 3063 330 3067 ‘
407 3061 621 3117 monis
666 3054 818 3114 item
882 3064 951 3115 et
994 3048 1446 3131 exemplorum
1502 3043 1785 3115 vanitas,
1845 3038 2124 3112 malitia,
2184 3055 2332 3120 pes·

416 3142 562 3205 simi
603 3139 879 3203 effectus
920 3136 1414 3209 examinentur3
1448 3145 1520 3192 ut
1539 3128 1605 3216 5)
1639 3146 1832 3211 saepe
1867 3123 2328 3210 perpendatur,
2372 3153 2379 3162 ·

412 3250 540 3296 'nec
583 3222 986 3309 peccantium
1033 3239 1349 3296 numero,
1407 3237 1533 3281 nec
1577 3215 1961 3279 auctoritate
2007 3211 2332 3278 actionem

413 3316 754 3378 moraliter
789 3312 1017 3372 malam
1062 3308 1327 3381 mutari,
1372 3326 1497 3368 nec
1543 3325 1760 3369 coram
1792 3302 1942 3364 Deo
1987 3298 2325 3363 excusari:

416 3404 535 3466 sed
581 3419 902 3483 quemque
963 3417 1097 3458 non
1162 3393 1517 3457 secundum
1580 3412 1827 3452 morem
1891 3401 1960 3451 et
2019 3387 2336 3449 axiomata

418 3489 661 3560 mundi,
699 3484 818 3548 sed
850 3484 1226 3546 secundum
1246 3482 1381 3541 Dei
1414 3479 1635 3563 legem
1654 3481 1823 3561 fore
1850 3476 2332 3551 ,Taedia-andum,

420 3576 632 3642 etvel
698 3568 986 3656 praemio
1022 3569 1128 3631 vel
1177 3564 1498 3649 supplicio
1550 3579 1818 3626 aeterno
1863 3558 2333 3631 adficiendum3

423 3665 583 3745 'mut
613 3659 972 3741 cogitemus
1002 3699 1017 3727 ,
1045 3655 1382 3737 'spiritum
1403 3696 1423 3730 ‚
1467 3654 1880 3734 sapientiam
1906 3691 1926 3718 ,
1958 3646 2338 3720 amicitiam

428 3750 669 3812 mundi
701 3747 783 3805 ‘in
830 3742 1112 3825 maligno
1156 3737 1349 3820 positi
1388 3760 1422 3797 a
1462 3736 1721 3800 Christo
1772 3747 1840 3804 et
1891 3728 2204 3815 apostolis
2253 3724 2337 3811 (ξ.

434 3833 603 3915 152.)
626 3829 961 3911 conceptis
990 3826 1209 3891 verbis
1244 3823 1564 3893 damnari;
1597 3821 1663 3902 5)
1700 3818 2032 3882 audiamus
2067 3835 2116 3879 s.
2142 3815 2342 3900 Joan-

426 3942 578 3981 nem
647 3931 1058 3979 monentemt
1122 3912 1375 3973 »Nolite
1439 3907 1718 3992 diligere
1784 3898 2092 3966 mundum
2157 3947 2174 3964 .
2220 3948 2237 3965 .
2283 3899 2341 3961 οἱ

424 4006 866 4090 »quis-diligit
913 3999 1254 4072 mundum,
1312 4017 1444 4058 non
1509 4005 1611 4059 est
1677 3991 1952 4056 charitas
1995 3986 2208 4051 Patris
2272 3986 2343 4049 in

422 4114 560 4155 seo.
646 4088 986 4185 Quoniam·
1028 4107 1253 4158 omne,
1319 4081 1494 4168 quod
1562 4093 1662 4143 est
1719 4081 1788 4140 in
1850 4075 2088 4139 mundo
2112 4119 2128 4149 ‚
2190 4094 2349 4136 σου·

424 4178 860 4262 »cupiscemia
891 4173 1102 4239 carnis
1134 4187 1268 4248 est,
1316 4186 1383 4235 et
1417 4164 1946 4252 concupiscentia
1980 4164 2345 4235 oculorum,

362 4281 546 4351 To'm.
593 4285 730 4351 III.
1687 4272 1751 4369 Q
