<?xml version="1.0" encoding="UTF-8"?>
<!DOCTYPE html PUBLIC "-//W3C//DTD XHTML 1.0 Transitional//EN"
    "http://www.w3.org/TR/xhtml1/DTD/xhtml1-transitional.dtd">
<html xmlns="http://www.w3.org/1999/xhtml" xml:lang="en" lang="en">
 <head>
  <title>
</title>
<meta http-equiv="Content-Type" content="text/html;charset=utf-8" />
  <meta name='ocr-system' content='tesseract 3.04.00' />
  <meta name='ocr-capabilities' content='ocr_page ocr_carea ocr_par ocr_line ocrx_word'/>
</head>
<body>
  <div class='ocr_page' id='page_1' title='image "./ethicachristian00schegoog/ethicachristian00schegoog_0147.png"; bbox 0 0 2846 4770; ppageno 0'>
   <div class='ocr_carea' id='block_1_1' title="bbox 2193 389 2299 457">
    <p class='ocr_par' dir='ltr' id='par_1_1' title="bbox 2193 389 2299 457">
     <span class='ocr_line' id='line_1_1' title="bbox 2193 389 2299 457; baseline 0.028 -3"><span class='ocrx_word' id='word_1_1' title='bbox 2193 389 2299 457; x_wconf 72' lang='lat'><strong>131</strong></span> 
     </span>
    </p>
   </div>
   <div class='ocr_carea' id='block_1_2' title="bbox 304 551 2160 587">
    <p class='ocr_par' dir='ltr' id='par_1_2' title="bbox 304 551 2160 587">
     <span class='ocr_line' id='line_1_2' title="bbox 304 551 2160 587; baseline 0 4183"><span class='ocrx_word' id='word_1_2' title='bbox 304 551 2160 587; x_wconf 95' lang='lat' dir='ltr'><strong> </strong></span> 
     </span>
    </p>
   </div>
   <div class='ocr_carea' id='block_1_3' title="bbox 399 802 2106 991">
    <p class='ocr_par' dir='ltr' id='par_1_3' title="bbox 399 802 2106 991">
     <span class='ocr_line' id='line_1_3' title="bbox 750 802 1761 876; baseline 0.01 -11"><span class='ocrx_word' id='word_1_3' title='bbox 750 802 1588 869; x_wconf 75' lang='lat' dir='ltr'>ARTICULUS</span> <span class='ocrx_word' id='word_1_4' title='bbox 1676 804 1761 876; x_wconf 85' lang='lat' dir='ltr'><strong>V.</strong></span> 
     </span>
     <span class='ocr_line' id='line_1_4' title="bbox 399 927 2106 991; baseline 0.004 -7"><span class='ocrx_word' id='word_1_5' title='bbox 399 929 545 984; x_wconf 73' lang='lat' dir='ltr'><strong>nn</strong></span> <span class='ocrx_word' id='word_1_6' title='bbox 620 927 1197 986; x_wconf 70' lang='lat' dir='ltr'><strong>orrrclls</strong></span> <span class='ocrx_word' id='word_1_7' title='bbox 1269 928 2106 991; x_wconf 61' lang='lat' dir='ltr'><strong>REGULARIUU.</strong></span> 
     </span>
    </p>
   </div>
   <div class='ocr_carea' id='block_1_4' title="bbox 918 1064 1617 1096">
    <p class='ocr_par' dir='ltr' id='par_1_4' title="bbox 918 1064 1617 1096">
     <span class='ocr_line' id='line_1_5' title="bbox 918 1064 1617 1096; baseline 0 3674"><span class='ocrx_word' id='word_1_8' title='bbox 918 1064 1617 1096; x_wconf 95' lang='lat' dir='ltr'><strong> </strong></span> 
     </span>
    </p>
   </div>
   <div class='ocr_carea' id='block_1_5' title="bbox 1118 1209 1404 1299">
    <p class='ocr_par' dir='ltr' id='par_1_5' title="bbox 1118 1209 1404 1299">
     <span class='ocr_line' id='line_1_6' title="bbox 1118 1209 1404 1299; baseline 0.035 -10"><span class='ocrx_word' id='word_1_9' title='bbox 1118 1210 1174 1289; x_wconf 76' lang='lat'><strong>§-</strong></span> <span class='ocrx_word' id='word_1_10' title='bbox 1221 1209 1404 1299; x_wconf 69' lang='lat'><strong>669«</strong></span> 
     </span>
    </p>
   </div>
   <div class='ocr_carea' id='block_1_6' title="bbox 779 1341 1741 1427">
    <p class='ocr_par' dir='ltr' id='par_1_6' title="bbox 779 1341 1741 1427">
     <span class='ocr_line' id='line_1_7' title="bbox 779 1341 1741 1427; baseline 0.003 -22"><span class='ocrx_word' id='word_1_11' title='bbox 779 1341 1134 1427; x_wconf 71' lang='lat' dir='ltr'><strong>Religion·</strong></span> <span class='ocrx_word' id='word_1_12' title='bbox 1172 1341 1614 1427; x_wconf 79' lang='lat' dir='ltr'><em>obligantur,</em></span> <span class='ocrx_word' id='word_1_13' title='bbox 1661 1355 1741 1408; x_wconf 68' lang='lat' dir='ltr'><strong>ut</strong></span> 
     </span>
    </p>
   </div>
   <div class='ocr_carea' id='block_1_7' title="bbox 133 1430 2303 3057">
    <p class='ocr_par' dir='ltr' id='par_1_7' title="bbox 133 1430 2303 3057">
     <span class='ocr_line' id='line_1_8' title="bbox 207 1430 2297 1614; baseline 0.003 -53"><span class='ocrx_word' id='word_1_14' title='bbox 207 1430 685 1594; x_wconf 76' lang='lat' dir='ltr'><strong>Regulares</strong></span> <span class='ocrx_word' id='word_1_15' title='bbox 720 1496 875 1570; x_wconf 87' lang='lat' dir='ltr'><strong>sive</strong></span> <span class='ocrx_word' id='word_1_16' title='bbox 900 1497 1263 1594; x_wconf 75' lang='lat' dir='ltr'><em>religiosi,</em></span> <span class='ocrx_word' id='word_1_17' title='bbox 1288 1511 1369 1568; x_wconf 90' lang='lat' dir='ltr'><strong>ut</strong></span> <span class='ocrx_word' id='word_1_18' title='bbox 1406 1497 1636 1614; x_wconf 80' lang='lat' dir='ltr'><strong>ajunt,</strong></span> <span class='ocrx_word' id='word_1_19' title='bbox 1666 1495 1837 1569; x_wconf 88' lang='lat' dir='ltr'><strong>heic</strong></span> <span class='ocrx_word' id='word_1_20' title='bbox 1867 1493 2297 1596; x_wconf 77' lang='lat' dir='ltr'><strong>intelligun-</strong></span> 
     </span>
     <span class='ocr_line' id='line_1_9' title="bbox 201 1598 2289 1700; baseline 0 -28"><span class='ocrx_word' id='word_1_21' title='bbox 201 1618 319 1673; x_wconf 87' lang='lat' dir='ltr'><strong>tur</strong></span> <span class='ocrx_word' id='word_1_22' title='bbox 358 1601 709 1674; x_wconf 86' lang='lat' dir='ltr'><strong>homines</strong></span> <span class='ocrx_word' id='word_1_23' title='bbox 753 1600 1179 1691; x_wconf 86' lang='lat' dir='ltr'><strong>christiani,</strong></span> <span class='ocrx_word' id='word_1_24' title='bbox 1236 1600 1364 1697; x_wconf 90' lang='lat' dir='ltr'><strong>qui</strong></span> <span class='ocrx_word' id='word_1_25' title='bbox 1411 1601 1491 1671; x_wconf 87' lang='lat' dir='ltr'><strong>in</strong></span> <span class='ocrx_word' id='word_1_26' title='bbox 1553 1598 1877 1696; x_wconf 89' lang='lat' dir='ltr'><strong>quodam</strong></span> <span class='ocrx_word' id='word_1_27' title='bbox 1933 1602 2289 1700; x_wconf 79' lang='lat' dir='ltr'><strong>religioso</strong></span> 
     </span>
     <span class='ocr_line' id='line_1_10' title="bbox 198 1701 2294 1802; baseline -0.001 -25"><span class='ocrx_word' id='word_1_28' title='bbox 198 1706 543 1778; x_wconf 89' lang='lat' dir='ltr'><strong>instituto</strong></span> <span class='ocrx_word' id='word_1_29' title='bbox 588 1704 678 1778; x_wconf 89' lang='lat' dir='ltr'><strong>ab</strong></span> <span class='ocrx_word' id='word_1_30' title='bbox 723 1704 1039 1785; x_wconf 83' lang='lat' dir='ltr'><strong>ecclesia</strong></span> <span class='ocrx_word' id='word_1_31' title='bbox 1083 1701 1400 1802; x_wconf 87' lang='lat' dir='ltr'><strong>probato</strong></span> <span class='ocrx_word' id='word_1_32' title='bbox 1446 1704 1894 1802; x_wconf 86' lang='lat' dir='ltr'><strong>nuncupatis</strong></span> <span class='ocrx_word' id='word_1_33' title='bbox 1925 1703 2294 1778; x_wconf 81' lang='lat' dir='ltr'><strong>obedien·</strong></span> 
     </span>
     <span class='ocr_line' id='line_1_11' title="bbox 197 1806 2294 1907; baseline -0 -26"><span class='ocrx_word' id='word_1_34' title='bbox 197 1811 390 1901; x_wconf 89' lang='lat' dir='ltr'><strong>tiae,</strong></span> <span class='ocrx_word' id='word_1_35' title='bbox 448 1809 803 1883; x_wconf 87' lang='lat' dir='ltr'><strong>castitatis</strong></span> <span class='ocrx_word' id='word_1_36' title='bbox 867 1827 941 1883; x_wconf 92' lang='lat' dir='ltr'><strong>et</strong></span> <span class='ocrx_word' id='word_1_37' title='bbox 1007 1806 1465 1907; x_wconf 81' lang='lat' dir='ltr'>paupertatis</span> <span class='ocrx_word' id='word_1_38' title='bbox 1524 1808 1714 1882; x_wconf 89' lang='lat' dir='ltr'><strong>votis</strong></span> <span class='ocrx_word' id='word_1_39' title='bbox 1751 1809 1828 1898; x_wconf 69' lang='lat'><strong>³¹²)</strong></span> <span class='ocrx_word' id='word_1_40' title='bbox 1876 1808 2294 1882; x_wconf 87' lang='lat' dir='ltr'><strong>secundum</strong></span> 
     </span>
     <span class='ocr_line' id='line_1_12' title="bbox 195 1910 2297 2015; baseline 0.002 -30"><span class='ocrx_word' id='word_1_41' title='bbox 195 1912 531 2012; x_wconf 85' lang='lat' dir='ltr'><strong>regulam</strong></span> <span class='ocrx_word' id='word_1_42' title='bbox 612 1933 890 1988; x_wconf 85' lang='lat' dir='ltr'><strong>certam</strong></span> <span class='ocrx_word' id='word_1_43' title='bbox 977 1914 1073 1986; x_wconf 89' lang='lat' dir='ltr'><strong>ad</strong></span> <span class='ocrx_word' id='word_1_44' title='bbox 1159 1912 1699 2013; x_wconf 82' lang='lat' dir='ltr'><strong>perfectionem</strong></span> <span class='ocrx_word' id='word_1_45' title='bbox 1790 1910 2297 2015; x_wconf 80' lang='lat' dir='ltr'><strong>evangelicam</strong></span> 
     </span>
     <span class='ocr_line' id='line_1_13' title="bbox 198 2016 2290 2119; baseline -0.002 -27"><span class='ocrx_word' id='word_1_46' title='bbox 198 2019 660 2105; x_wconf 73' lang='lat' dir='ltr'><strong>contendere</strong></span> <span class='ocrx_word' id='word_1_47' title='bbox 752 2018 1201 2119; x_wconf 79' lang='lat' dir='ltr'><strong>obligantur.</strong></span> <span class='ocrx_word' id='word_1_48' title='bbox 1309 2016 1531 2088; x_wconf 86' lang='lat' dir='ltr'>Unde</span> <span class='ocrx_word' id='word_1_49' title='bbox 1622 2032 1915 2116; x_wconf 85' lang='lat' dir='ltr'><strong>praeter</strong></span> <span class='ocrx_word' id='word_1_50' title='bbox 2007 2017 2290 2108; x_wconf 85' lang='lat' dir='ltr'><strong>officia,</strong></span> 
     </span>
     <span class='ocr_line' id='line_1_14' title="bbox 197 2119 2296 2222; baseline -0 -29"><span class='ocrx_word' id='word_1_51' title='bbox 197 2150 384 2222; x_wconf 81' lang='lat' dir='ltr'><strong>quae</strong></span> <span class='ocrx_word' id='word_1_52' title='bbox 436 2149 609 2195; x_wconf 89' lang='lat' dir='ltr'><strong>cum</strong></span> <span class='ocrx_word' id='word_1_53' title='bbox 656 2123 1076 2197; x_wconf 85' lang='lat' dir='ltr'><strong>christianis</strong></span> <span class='ocrx_word' id='word_1_54' title='bbox 1135 2121 1294 2195; x_wconf 86' lang='lat' dir='ltr'><strong>aliis</strong></span> <span class='ocrx_word' id='word_1_55' title='bbox 1343 2120 1768 2195; x_wconf 86' lang='lat' dir='ltr'><strong>communia</strong></span> <span class='ocrx_word' id='word_1_56' title='bbox 1810 2119 2124 2215; x_wconf 86' lang='lat' dir='ltr'><strong>habent,</strong></span> <span class='ocrx_word' id='word_1_57' title='bbox 2180 2123 2296 2193; x_wconf 90' lang='lat' dir='ltr'><strong>in-</strong></span> 
     </span>
     <span class='ocr_line' id='line_1_15' title="bbox 195 2225 2303 2328; baseline -0.003 -29"><span class='ocrx_word' id='word_1_58' title='bbox 195 2253 421 2326; x_wconf 83' lang='lat' dir='ltr'><strong>super</strong></span> <span class='ocrx_word' id='word_1_59' title='bbox 467 2226 1075 2328; x_wconf 78' lang='lat' dir='ltr'><strong>obstringuntur,</strong></span> <span class='ocrx_word' id='word_1_60' title='bbox 1110 2233 1186 2318; x_wconf 91' lang='lat'><strong>1)</strong></span> <span class='ocrx_word' id='word_1_61' title='bbox 1225 2244 1308 2300; x_wconf 90' lang='lat' dir='ltr'><strong>ut</strong></span> <span class='ocrx_word' id='word_1_62' title='bbox 1337 2225 1658 2299; x_wconf 81' lang='lat' dir='ltr'><strong>stabiles</strong></span> <span class='ocrx_word' id='word_1_63' title='bbox 1696 2226 1772 2296; x_wconf 88' lang='lat' dir='ltr'><strong>in</strong></span> <span class='ocrx_word' id='word_1_64' title='bbox 1815 2225 2123 2320; x_wconf 81' lang='lat' dir='ltr'><strong>ordine,</strong></span> <span class='ocrx_word' id='word_1_65' title='bbox 2168 2227 2303 2298; x_wconf 85' lang='lat' dir='ltr'><strong>cui.</strong></span> 
     </span>
     <span class='ocr_line' id='line_1_16' title="bbox 195 2329 2286 2430; baseline -0.001 -25"><span class='ocrx_word' id='word_1_66' title='bbox 195 2359 477 2405; x_wconf 88' lang='lat' dir='ltr'><strong>nomen</strong></span> <span class='ocrx_word' id='word_1_67' title='bbox 529 2330 842 2428; x_wconf 85' lang='lat' dir='ltr'><strong>dedere,</strong></span> <span class='ocrx_word' id='word_1_68' title='bbox 871 2347 1390 2428; x_wconf 77' lang='lat' dir='ltr'><strong>permaneant</strong></span> <span class='ocrx_word' id='word_1_69' title='bbox 1401 2358 1429 2422; x_wconf 88' lang='lat'><em>;</em></span> <span class='ocrx_word' id='word_1_70' title='bbox 1468 2335 1540 2422; x_wconf 91' lang='lat'><strong>2)</strong></span> <span class='ocrx_word' id='word_1_71' title='bbox 1582 2329 2094 2430; x_wconf 89' lang='lat' dir='ltr'><strong>superioribus</strong></span> <span class='ocrx_word' id='word_1_72' title='bbox 2133 2330 2286 2403; x_wconf 85' lang='lat' dir='ltr'><strong>suis</strong></span> 
     </span>
     <span class='ocr_line' id='line_1_17' title="bbox 198 2437 2295 2537; baseline -0.001 -28"><span class='ocrx_word' id='word_1_73' title='bbox 198 2437 722 2510; x_wconf 79' lang='lat' dir='ltr'><strong>obedientiam</strong></span> <span class='ocrx_word' id='word_1_74' title='bbox 745 2453 1161 2537; x_wconf 83' lang='lat' dir='ltr'><strong>praestent,</strong></span> <span class='ocrx_word' id='word_1_75' title='bbox 1196 2441 1281 2529; x_wconf 85' lang='lat'><strong>3)</strong></span> <span class='ocrx_word' id='word_1_76' title='bbox 1302 2439 1714 2509; x_wconf 79' lang='lat' dir='ltr'><strong>castitatem</strong></span> <span class='ocrx_word' id='word_1_77' title='bbox 1739 2453 2295 2536; x_wconf 84' lang='lat' dir='ltr'><strong>paupertatem-</strong></span> 
     </span>
     <span class='ocr_line' id='line_1_18' title="bbox 200 2537 2295 2639; baseline -0.001 -26"><span class='ocrx_word' id='word_1_78' title='bbox 200 2569 341 2637; x_wconf 90' lang='lat' dir='ltr'><strong>que</strong></span> <span class='ocrx_word' id='word_1_79' title='bbox 398 2537 824 2638; x_wconf 87' lang='lat' dir='ltr'><strong>religiosam</strong></span> <span class='ocrx_word' id='word_1_80' title='bbox 876 2556 1223 2634; x_wconf 81' lang='lat' dir='ltr'><strong>servent3</strong></span> <span class='ocrx_word' id='word_1_81' title='bbox 1298 2550 1372 2631; x_wconf 78' lang='grc'><strong>4)</strong></span> <span class='ocrx_word' id='word_1_82' title='bbox 1430 2541 1821 2612; x_wconf 89' lang='lat' dir='ltr'><strong>vocatione</strong></span> <span class='ocrx_word' id='word_1_83' title='bbox 1881 2567 2010 2618; x_wconf 85' lang='lat' dir='ltr'><strong>sua</strong></span> <span class='ocrx_word' id='word_1_84' title='bbox 2069 2540 2295 2639; x_wconf 86' lang='lat' dir='ltr'><strong>digne</strong></span> 
     </span>
     <span class='ocr_line' id='line_1_19' title="bbox 133 2642 2293 2745; baseline -0.001 -29"><span class='ocrx_word' id='word_1_85' title='bbox 133 2645 140 2648; x_wconf 65' lang='grc'>’</span> <span class='ocrx_word' id='word_1_86' title='bbox 206 2648 507 2734; x_wconf 88' lang='lat' dir='ltr'><strong>vivant,</strong></span> <span class='ocrx_word' id='word_1_87' title='bbox 565 2669 649 2716; x_wconf 86' lang='lat' dir='ltr'><strong>ac</strong></span> <span class='ocrx_word' id='word_1_88' title='bbox 715 2673 844 2745; x_wconf 92' lang='lat' dir='ltr'><strong>per</strong></span> <span class='ocrx_word' id='word_1_89' title='bbox 900 2645 1235 2718; x_wconf 69' lang='lat' dir='ltr'><strong>morales</strong></span> <span class='ocrx_word' id='word_1_90' title='bbox 1272 2659 1712 2741; x_wconf 85' lang='lat' dir='ltr'><strong>sanctasque</strong></span> <span class='ocrx_word' id='word_1_91' title='bbox 1762 2660 1917 2716; x_wconf 90' lang='lat' dir='ltr'><strong>tum</strong></span> <span class='ocrx_word' id='word_1_92' title='bbox 1957 2673 1996 2718; x_wconf 84' lang='lat' dir='ltr'><strong>a</strong></span> <span class='ocrx_word' id='word_1_93' title='bbox 2040 2642 2293 2745; x_wconf 88' lang='lat' dir='ltr'><strong>regula</strong></span> 
     </span>
     <span class='ocr_line' id='line_1_20' title="bbox 199 2739 2291 2849; baseline -0.001 -29"><span class='ocrx_word' id='word_1_94' title='bbox 199 2751 702 2849; x_wconf 85' lang='lat' dir='ltr'><strong>praescriptas</strong></span> <span class='ocrx_word' id='word_1_95' title='bbox 755 2767 910 2822; x_wconf 86' lang='lat' dir='ltr'><strong>tum</strong></span> <span class='ocrx_word' id='word_1_96' title='bbox 960 2748 1136 2821; x_wconf 83' lang='lat' dir='ltr'><strong>alias</strong></span> <span class='ocrx_word' id='word_1_97' title='bbox 1182 2748 1560 2818; x_wconf 86' lang='lat' dir='ltr'><strong>communi</strong></span> <span class='ocrx_word' id='word_1_98' title='bbox 1617 2748 1819 2819; x_wconf 86' lang='lat' dir='ltr'><strong>bono</strong></span> <span class='ocrx_word' id='word_1_99' title='bbox 1860 2739 2291 2846; x_wconf 71' lang='lat' dir='ltr'><strong>profuturas</strong></span> 
     </span>
     <span class='ocr_line' id='line_1_21' title="bbox 202 2851 2293 2946; baseline -0.001 -22"><span class='ocrx_word' id='word_1_100' title='bbox 202 2854 538 2926; x_wconf 81' lang='lat' dir='ltr'><strong>actiones</strong></span> <span class='ocrx_word' id='word_1_101' title='bbox 593 2851 710 2924; x_wconf 86' lang='lat' dir='ltr'><strong>ad</strong></span> <span class='ocrx_word' id='word_1_102' title='bbox 730 2860 932 2925; x_wconf 77' lang='lat' dir='ltr'><strong>vitae</strong></span> <span class='ocrx_word' id='word_1_103' title='bbox 992 2851 1469 2925; x_wconf 69' lang='lat' dir='ltr'><strong>christianae</strong></span> <span class='ocrx_word' id='word_1_104' title='bbox 1516 2851 2088 2946; x_wconf 80' lang='lat' dir='ltr'><strong>perfectionem</strong></span> <span class='ocrx_word' id='word_1_105' title='bbox 2115 2875 2293 2922; x_wconf 87' lang='lat' dir='ltr'><strong>con-</strong></span> 
     </span>
     <span class='ocr_line' id='line_1_22' title="bbox 203 2952 2060 3057; baseline -0.001 -28"><span class='ocrx_word' id='word_1_106' title='bbox 203 2958 545 3037; x_wconf 82' lang='lat' dir='ltr'><strong>tendant.</strong></span> <span class='ocrx_word' id='word_1_107' title='bbox 600 2960 711 3031; x_wconf 91' lang='lat' dir='ltr'><strong>De</strong></span> <span class='ocrx_word' id='word_1_108' title='bbox 751 2958 1019 3057; x_wconf 87' lang='lat' dir='ltr'><strong>quibus</strong></span> <span class='ocrx_word' id='word_1_109' title='bbox 1067 2980 1270 3027; x_wconf 88' lang='lat' dir='ltr'><strong>nunc</strong></span> <span class='ocrx_word' id='word_1_110' title='bbox 1300 2952 1630 3027; x_wconf 88' lang='lat' dir='ltr'><strong>breviter</strong></span> <span class='ocrx_word' id='word_1_111' title='bbox 1667 2955 2060 3055; x_wconf 84' lang='lat' dir='ltr'><strong>agendum</strong></span> 
     </span>
    </p>
   </div>
   <div class='ocr_carea' id='block_1_8' title="bbox 283 3079 2294 3298">
    <p class='ocr_par' dir='ltr' id='par_1_8' title="bbox 283 3079 2294 3266">
     <span class='ocr_line' id='line_1_23' title="bbox 283 3079 2294 3189; baseline -0.002 -24"><span class='ocrx_word' id='word_1_112' title='bbox 283 3102 354 3189; x_wconf 68' lang='lat'><strong>⁴³)</strong></span> <span class='ocrx_word' id='word_1_113' title='bbox 403 3097 538 3167; x_wconf 79' lang='lat' dir='ltr'><strong>D‘e</strong></span> <span class='ocrx_word' id='word_1_114' title='bbox 531 3101 655 3166; x_wconf 83' lang='lat' dir='ltr'><strong>his</strong></span> <span class='ocrx_word' id='word_1_115' title='bbox 707 3079 1020 3176; x_wconf 75' lang='lat' dir='ltr'><strong>infe’rius‚</strong></span> <span class='ocrx_word' id='word_1_116' title='bbox 1062 3101 1175 3164; x_wconf 84' lang='lat' dir='ltr'><strong>ubi</strong></span> <span class='ocrx_word' id='word_1_117' title='bbox 1222 3100 1324 3165; x_wconf 83' lang='lat' dir='ltr'><strong>de</strong></span> <span class='ocrx_word' id='word_1_118' title='bbox 1343 3099 1636 3166; x_wconf 73' lang='lat' dir='ltr'><strong>consiliis</strong></span> <span class='ocrx_word' id='word_1_119' title='bbox 1677 3097 2078 3188; x_wconf 71' lang='lat' dir='ltr'><strong>evangelicis</strong></span> <span class='ocrx_word' id='word_1_120' title='bbox 2116 3110 2294 3164; x_wconf 74' lang='lat' dir='ltr'><strong>actu·</strong></span> 
     </span>
     <span class='ocr_line' id='line_1_24' title="bbox 368 3188 1510 3298; baseline 0 -46"><span class='ocrx_word' id='word_1_121' title='bbox 368 3190 433 3252; x_wconf 80' lang='lat' dir='ltr'><strong>ri</strong></span> <span class='ocrx_word' id='word_1_122' title='bbox 472 3211 725 3266; x_wconf 73' lang='lat' dir='ltr'><strong>sumus,</strong></span> <span class='ocrx_word' id='word_1_123' title='bbox 770 3189 899 3298; x_wconf 82' lang='lat' dir='ltr'><strong>erit</strong></span> <span class='ocrx_word' id='word_1_124' title='bbox 933 3188 1196 3253; x_wconf 83' lang='lat' dir='ltr'><strong>dicendi</strong></span> <span class='ocrx_word' id='word_1_125' title='bbox 1228 3188 1510 3254; x_wconf 77' lang='lat' dir='ltr'><strong>occasio</strong></span> 
     </span>
    </p>
   </div>
   <div class='ocr_carea' id='block_1_9' title="bbox 1134 3346 1389 3435">
    <p class='ocr_par' dir='ltr' id='par_1_9' title="bbox 1134 3346 1389 3435">
     <span class='ocr_line' id='line_1_25' title="bbox 1134 3346 1389 3435; baseline 0.009 -24"><span class='ocrx_word' id='word_1_126' title='bbox 1134 3346 1389 3435; x_wconf 86' lang='lat'><strong>§.670</strong></span> 
     </span>
    </p>
   </div>
   <div class='ocr_carea' id='block_1_10' title="bbox 517 3475 1992 3570">
    <p class='ocr_par' dir='ltr' id='par_1_10' title="bbox 517 3475 1992 3570">
     <span class='ocr_line' id='line_1_26' title="bbox 517 3475 1992 3570; baseline -0.001 -27"><span class='ocrx_word' id='word_1_127' title='bbox 517 3479 578 3565; x_wconf 84' lang='grc' dir='ltr'><strong>ι)</strong></span> <span class='ocrx_word' id='word_1_128' title='bbox 626 3480 712 3542; x_wconf 83' lang='grc' dir='ltr'><strong>1η</strong></span> <span class='ocrx_word' id='word_1_129' title='bbox 749 3475 986 3543; x_wconf 76' lang='lat' dir='ltr'><strong>ordine</strong></span> <span class='ocrx_word' id='word_1_130' title='bbox 1027 3499 1155 3543; x_wconf 83' lang='lat' dir='ltr'><strong>suo</strong></span> <span class='ocrx_word' id='word_1_131' title='bbox 1194 3476 1486 3541; x_wconf 78' lang='lat' dir='ltr'><strong>stabiles</strong></span> <span class='ocrx_word' id='word_1_132' title='bbox 1521 3490 1992 3570; x_wconf 77' lang='lat' dir='ltr'><strong>permaneant.</strong></span> 
     </span>
    </p>
   </div>
   <div class='ocr_carea' id='block_1_11' title="bbox 193 3629 2300 4276">
    <p class='ocr_par' dir='ltr' id='par_1_11' title="bbox 199 3629 2300 4263">
     <span class='ocr_line' id='line_1_27' title="bbox 408 3629 2295 3741; baseline -0.005 -29"><span class='ocrx_word' id='word_1_133' title='bbox 408 3637 792 3741; x_wconf 83' lang='lat' dir='ltr'><strong>Regularis</strong></span> <span class='ocrx_word' id='word_1_134' title='bbox 849 3640 1162 3737; x_wconf 90' lang='lat' dir='ltr'><strong>quisque</strong></span> <span class='ocrx_word' id='word_1_135' title='bbox 1209 3662 1347 3737; x_wconf 82' lang='lat' dir='ltr'><strong>per</strong></span> <span class='ocrx_word' id='word_1_136' title='bbox 1407 3635 1952 3737; x_wconf 87' lang='lat' dir='ltr'><strong>professionem</strong></span> <span class='ocrx_word' id='word_1_137' title='bbox 2004 3629 2295 3733; x_wconf 86' lang='lat' dir='ltr'><strong>regula</strong></span> 
     </span>
     <span class='ocr_line' id='line_1_28' title="bbox 199 3736 2297 3844; baseline -0.005 -25"><span class='ocrx_word' id='word_1_138' title='bbox 199 3769 364 3819; x_wconf 87' lang='lat' dir='ltr'><strong>rem</strong></span> <span class='ocrx_word' id='word_1_139' title='bbox 439 3745 792 3844; x_wconf 85' lang='lat' dir='ltr'><strong>religioso</strong></span> <span class='ocrx_word' id='word_1_140' title='bbox 869 3744 1209 3816; x_wconf 88' lang='lat' dir='ltr'><strong>instituto</strong></span> <span class='ocrx_word' id='word_1_141' title='bbox 1264 3768 1396 3842; x_wconf 86' lang='lat' dir='ltr'><strong>per</strong></span> <span class='ocrx_word' id='word_1_142' title='bbox 1466 3758 1765 3842; x_wconf 88' lang='lat' dir='ltr'><strong>pactum</strong></span> <span class='ocrx_word' id='word_1_143' title='bbox 1830 3740 2140 3831; x_wconf 82' lang='lat' dir='ltr'><strong>tacitum</strong></span> <span class='ocrx_word' id='word_1_144' title='bbox 2191 3736 2297 3809; x_wconf 76' lang='lat' dir='ltr'><strong>ita</strong></span> 
     </span>
     <span class='ocr_line' id='line_1_29' title="bbox 203 3846 2300 3952; baseline -0.005 -29"><span class='ocrx_word' id='word_1_145' title='bbox 203 3867 575 3952; x_wconf 87' lang='lat' dir='ltr'><strong>perpetuo</strong></span> <span class='ocrx_word' id='word_1_146' title='bbox 616 3875 692 3922; x_wconf 88' lang='lat' dir='ltr'><strong>se</strong></span> <span class='ocrx_word' id='word_1_147' title='bbox 736 3846 1103 3949; x_wconf 85' lang='lat' dir='ltr'><strong>alligavit,</strong></span> <span class='ocrx_word' id='word_1_148' title='bbox 1158 3862 1239 3919; x_wconf 86' lang='lat' dir='ltr'><strong>ut</strong></span> <span class='ocrx_word' id='word_1_149' title='bbox 1279 3850 1426 3947; x_wconf 87' lang='lat' dir='ltr'><strong>jam</strong></span> <span class='ocrx_word' id='word_1_150' title='bbox 1464 3872 1692 3946; x_wconf 88' lang='lat' dir='ltr'><strong>porro</strong></span> <span class='ocrx_word' id='word_1_151' title='bbox 1728 3848 1932 3918; x_wconf 73' lang='lat' dir='ltr'><strong>citra</strong></span> <span class='ocrx_word' id='word_1_152' title='bbox 1975 3864 2300 3915; x_wconf 80' lang='lat' dir='ltr'><strong>causam</strong></span> 
     </span>
     <span class='ocr_line' id='line_1_30' title="bbox 211 3948 2299 4051; baseline -0.005 -22"><span class='ocrx_word' id='word_1_153' title='bbox 211 3957 672 4029; x_wconf 84' lang='lat' dir='ltr'><strong>canonicam</strong></span> <span class='ocrx_word' id='word_1_154' title='bbox 693 3953 761 4049; x_wconf 85' lang='lat' dir='ltr'><strong>a)</strong></span> <span class='ocrx_word' id='word_1_155' title='bbox 806 3978 948 4025; x_wconf 89' lang='lat' dir='ltr'><strong>nec</strong></span> <span class='ocrx_word' id='word_1_156' title='bbox 980 3954 1182 4051; x_wconf 87' lang='lat' dir='ltr'><strong>ipsus</strong></span> <span class='ocrx_word' id='word_1_157' title='bbox 1220 3951 1567 4025; x_wconf 87' lang='lat' dir='ltr'><strong>ordinem</strong></span> <span class='ocrx_word' id='word_1_158' title='bbox 1607 3948 1979 4040; x_wconf 86' lang='lat' dir='ltr'><strong>deserere,</strong></span> <span class='ocrx_word' id='word_1_159' title='bbox 2016 3972 2158 4019; x_wconf 89' lang='lat' dir='ltr'><strong>nec</strong></span> <span class='ocrx_word' id='word_1_160' title='bbox 2179 3970 2299 4019; x_wconf 91' lang='lat' dir='ltr'><strong>or-</strong></span> 
     </span>
     <span class='ocr_line' id='line_1_31' title="bbox 211 4049 2298 4158; baseline -0.005 -29"><span class='ocrx_word' id='word_1_161' title='bbox 211 4057 372 4130; x_wconf 93' lang='lat' dir='ltr'><strong>do</strong></span> <span class='ocrx_word' id='word_1_162' title='bbox 351 4084 600 4158; x_wconf 75' lang='lat' dir='ltr'><strong>ipsum</strong></span> <span class='ocrx_word' id='word_1_163' title='bbox 647 4059 916 4153; x_wconf 88' lang='lat' dir='ltr'><strong>ejicere</strong></span> <span class='ocrx_word' id='word_1_164' title='bbox 962 4054 1181 4150; x_wconf 85' lang='lat' dir='ltr'><strong>vulgo</strong></span> <span class='ocrx_word' id='word_1_165' title='bbox 1237 4056 1521 4151; x_wconf 78' lang='lat' dir='ltr'><strong>valeat3</strong></span> <span class='ocrx_word' id='word_1_166' title='bbox 1577 4053 1662 4145; x_wconf 89' lang='lat' dir='ltr'><strong>b)</strong></span> <span class='ocrx_word' id='word_1_167' title='bbox 1721 4068 1802 4124; x_wconf 89' lang='lat' dir='ltr'><strong>ut</strong></span> <span class='ocrx_word' id='word_1_168' title='bbox 1848 4051 2007 4151; x_wconf 88' lang='lat' dir='ltr'><strong>ipse</strong></span> <span class='ocrx_word' id='word_1_169' title='bbox 2057 4049 2298 4124; x_wconf 77' lang='lat' dir='ltr'><strong>omni-</strong></span> 
     </span>
     <span class='ocr_line' id='line_1_32' title="bbox 193 4154 2298 4276; baseline -0.005 -38.952"><span class='ocrx_word' id='word_1_170' title='bbox 193 4158 349 4237; x_wconf 85' lang='lat' dir='ltr'><strong>bus</strong></span> <span class='ocrx_word' id='word_1_171' title='bbox 404 4160 722 4236; x_wconf 85' lang='lat' dir='ltr'><strong>membri</strong></span> <span class='ocrx_word' id='word_1_172' title='bbox 788 4161 1124 4276; x_wconf 83' lang='lat' dir='ltr'><strong>religiosi</strong></span> <span class='ocrx_word' id='word_1_173' title='bbox 1193 4157 1478 4261; x_wconf 88' lang='lat' dir='ltr'><strong>juribus</strong></span> <span class='ocrx_word' id='word_1_174' title='bbox 1531 4155 1945 4233; x_wconf 89' lang='lat' dir='ltr'><strong>secundum</strong></span> <span class='ocrx_word' id='word_1_175' title='bbox 2013 4154 2298 4233; x_wconf 75' lang='lat' dir='ltr'><strong>ordinis</strong></span> 
     </span>
    </p>
   </div>
   <div class='ocr_carea' id='block_1_12' title="bbox 1628 4280 1740 4347">
    <p class='ocr_par' dir='ltr' id='par_1_12' title="bbox 1628 4280 1740 4347">
     <span class='ocr_line' id='line_1_33' title="bbox 1628 4280 1740 4347; baseline 0.054 -6"><span class='ocrx_word' id='word_1_176' title='bbox 1628 4280 1740 4347; x_wconf 56' lang='lat'><strong>1&#39;8</strong></span> 
     </span>
    </p>
   </div>
  </div>
 </body>
</html>
