2846 4770
302 404 307 409 ’
415 403 491 467 C.
527 401 587 465 1.
628 401 795 471 Art.
831 400 963 469 17.
996 400 1108 466 De
1141 411 1577 466 sacramento
1608 403 2094 485 poenitentiae.
2200 419 2319 491 271
2420 490 2432 505 .

398 574 661 662 perium
702 573 1108 639 restituatur.
1176 573 1253 635 ld
1309 592 1473 638 vero
1517 574 1597 659 2)
1652 573 1850 658 vulgo
1893 572 1966 637 fit
2001 587 2147 659 ‘per
2190 574 2351 679 plu-

403 684 515 726 res
557 678 769 736 actus,
815 682 1090 747 quorum
1141 661 1479 746 praecipui
1520 675 1670 723 sunt
1707 678 2098 745 sequentes.
2142 663 2331 725 nimi-

403 771 550 813 rum
582 750 650 812 in
688 750 950 813 homine
986 768 1109 834 per
1137 750 1265 812 Dei
1301 750 1572 833 gratiam
1618 749 1901 811 excitato
1936 748 2287 833 adjutoque
2310 795 2330 828 ‚

401 838 936 900 succurrentibus
968 855 1162 919 saepe
1203 836 1397 901 variis
1431 835 1769 919 adjunctis,
1794 837 2004 897 oritur
2018 835 2095 917 a)
2138 858 2353 919 quae·

402 924 550 988 dam
590 924 672 988 ad
710 946 780 987 se
819 925 1026 1007 ipsum
1074 923 1345 986 attentio
1380 937 1449 986 et
1482 922 1684 987 veluti
1717 923 2056 995 reversio,
2104 928 2329 986 consi·

407 1013 681 1075 deratio
716 1024 948 1074 slatus
971 1012 1089 1071 sui
1118 1010 1512 1073 immoralis
1529 1030 1604 1072 ac
1626 1009 1926 1073 miseriae
1958 1006 2157 1071 status
2178 1030 2332 1092 pec-

403 1096 578 1176 cati3
638 1099 820 1180 cujus
878 1096 1088 1161 vivam
1144 1096 1584 1179 cognitionem
1636 1097 2059 1181 consequitur
2111 1094 2178 1178 b)
2227 1119 2330 1158 re·

403 1204 682 1250 morsus
700 1186 1189 1260 conscientiae,
1217 1182 1727 1272 disciplicentia
1750 1186 2109 1264 quaedam,
2130 1196 2198 1245 et
2217 1182 2333 1244 do-

402 1267 515 1330 lor
551 1270 633 1333 de
666 1268 993 1370 peccatis,
1033 1269 1382 1352 cordisque
1418 1272 1831 1353 compunctio
1875 1272 2018 1350 45)·
2000 1313 2020 1349 ,
2067 1269 2225 1331 item
2262 1274 2324 1353 c)

408 1360 622 1419 timor
661 1360 938 1420 divinae
975 1356 1258 1437 justitiae
1293 1354 1417 1437 46)3
1465 1355 1747 1441 dumque
1784 1356 1849 1439 d)
1866 1355 2056 1440 fides
2088 1355 2331 1421 divina·

401 1461 549 1503 rum
579 1441 1080 1526 promissionum
1115 1456 1184 1505 et
1220 1441 1479 1504 divinae
1518 1441 2008 1506 misericordiae
2052 1464 2201 1505 eum
2222 1442 2333 1504 ad-

400 1527 660 1604 monet,
700 1527 997 1592 exoritur
1022 1532 1088 1610 e)
1125 1551 1284 1614 spes
1302 1573 1323 1606 ,
1359 1530 1571 1591 Deum
1600 1551 1725 1613 per
1754 1532 1979 1591 Jesum
2004 1529 2332 1591 Christum

379 1612 527 1693 ⁴sibi
567 1615 715 1679 fore
761 1614 1115 1700 propitium
1155 1613 1252 1696 47)
1278 1635 1299 1693 3
1364 1635 1447 1677 ex
1491 1614 1748 1678 divinae
1811 1630 2022 1677 autem
2086 1614 2335 1677 bonita-
2352 1691 2359 1698 ,

400 1699 488 1762 tis
523 1722 596 1763 ac
638 1700 1128 1765 misericordiae
1178 1701 1729 1785 contemplatione
1775 1701 2064 1764 nascitur
2100 1700 2153 1783 f)
2193 1703 2335 1764 Dei

399 1798 668 1851 summe
675 1789 856 1851 boni
888 1801 956 1850 et
993 1787 1457 1857 misericordis.
1498 1789 1608 1872 qui
1633 1789 1841 1851 omnis
1879 1787 2159 1870 justitiae
2178 1787 2329 1849 fons

395 1887 540 1953 est,
589 1895 786 1937 amor
819 1872 1114 1957 qnidam3
1161 1888 1229 1936 et
1262 1874 1326 1958 g)
1382 1878 1616 1938 odium
1652 1896 1726 1938 ac
1769 1875 2062 1958 peccati
2110 1889 2333 1960 quate-

395 1981 519 2021 nus
540 1961 667 2024 Dei
699 1958 947 2024 infinite
976 1961 1262 2045 perfecti
1297 1981 1371 2023 ac
1416 1961 1640 2044 optimi
1676 1964 1887 2025 Patris
1922 1960 2174 2025 oflensa
2204 1975 2330 2041 est,

398 2045 783 2128 detestati0‚
844 2046 1213 2133 ardensque
1261 2061 1523 2121 votum,
1580 2064 1651 2119 ut
1708 2072 1792 2113 ne
1854 2071 2131 2131 unquam
2177 2070 2332 2133 pec·-

402 2149 541 2197 cata
586 2135 863 2197 fuissent
907 2135 1209 2210 admissa,
1271 2149 1379 2197 aut
1423 2150 1496 2197 ut
1539 2134 1780 2199 infecta
1825 2136 2016 2199 reddi
2062 2149 2333 2219 possent

405 2216 500 2308 (ᾗ.
556 2221 698 2286 162.
743 2219 872 2304 ιι);
919 2222 1175 2285 demum
1224 2219 1294 2304 h)
1357 2219 1555 2282 fixum
1593 2224 2018 2311 firmumque
2076 2244 2332 2306 propo·

398 2314 618 2370 situm
663 2329 873 2371 novae
920 2310 1298 2372 meliorisve
1345 2308 1560 2383 vitae,
1617 2332 1735 2372 seu
1780 2331 1909 2371 non
1956 2311 2150 2371 modo
2198 2328 2332 2390 non

341 2452 347 2458 .
395 2395 716 2478 peccandi
769 2397 1114 2480 deinceps,
1162 2396 1280 2459 sed
1321 2397 1830 2479 praeteritorum
1872 2418 2134 2481 quoque
2180 2416 2334 2480 pec·

400 2495 695 2545 catorum
751 2481 1028 2545 effectus
1082 2505 1203 2567 pro
1257 2484 1554 2566 possibili
1606 2485 2031 2560 destiuendi,
2078 2503 2335 2547 omnes-

400 2590 558 2654 que,
593 2589 751 2653 quas
789 2569 870 2630 ad
908 2570 1165 2653 plenam
1208 2573 1435 2630 eorum
1469 2571 1924 2635 remissionem
1944 2574 2127 2635 Deus
2151 2570 2337 2631 Chri-

401 2669 671 2740 stusquc
719 2655 962 2744 exigit,
1011 2654 1426 2717 conditiones
1479 2656 1825 2738 explendi,
1876 2680 1993 2719 seu
2040 2660 2329 2741 satisfa-

401 2745 633 2805 ciendi
668 2740 804 2825 48)3
865 2743 1058 2825 proin
1116 2742 1304 2825 leges
1363 2742 1615 2804 divinas
1659 2744 1947 2806 exactius
1993 2741 2331 2815 servandi,

399 2829 563 2891 Jesu
585 2828 828 2890 Christi
861 2828 1195 2892 doctrinae
1221 2841 1288 2890 et
1322 2829 1628 2912 exemplo
1664 2852 1734 2893 se
1762 2851 2032 2913 prorsus
2071 2828 2333 2890 confor-

397 2914 640 2980 mandi.
703 2919 844 2978 Hos
890 2930 1071 2980 actus
1118 2914 1432 2978 describit
1477 2916 1823 2978 concilium
1872 2914 2332 2978 Tridentinum

398 3006 543 3082 49)3
590 3023 778 3085 quam
835 3003 903 3064 in
956 3023 1097 3066 rem
1157 3001 1432 3064 antehac
1481 2998 1566 3088 (§.
1595 2999 2024 3086 222-224.)
2068 3023 2104 3064 a
2142 3000 2332 3061 nobis

402 3084 576 3150 dicta
611 3090 838 3153 itidem
870 3090 1230 3153 recolenda
1270 3102 1439 3155 sunt.

312 3165 419 3255 Μ’)
471 3175 783 3238 Indolem
800 3180 1265 3258 poenitentiae
1288 3176 1635 3261 insigniter
1657 3174 1939 3238 illustrat
1957 3175 2017 3260 a)
2037 3175 2332 3258 parabo-

405 3256 480 3319 la
503 3262 904 3345 evangelica
923 3262 1006 3325 de
1025 3261 1162 3324 filio
1181 3262 1502 3347 prodigo
1522 3264 1681 3325 item
1696 3261 1762 3347 b)
1782 3262 2150 3347 exemplum
2171 3263 2334 3323 Pau-

239 3573 242 3576 >
307 3530 424 3614 45)
470 3535 630 3602 Luc.
686 3537 830 3603 XV.
881 3562 995 3623 17.
1054 3557 1153 3623 sq.
1189 3538 1425 3607 XVIII.
1487 3538 1587 3605 ιδ.
1638 3540 1786 3606 Act.
1838 3544 1920 3609 11.
1960 3539 2067 3627 57.
2109 3535 2195 3601 cf.
2240 3536 2328 3603 11.

405 3619 555 3685 Cor.
599 3623 841 3689 v11.8.
884 3645 981 3709 sq.

186 3690 190 3694 ’
281 3705 424 3795 ’46)
474 3707 571 3772 cf
613 3710 842 3772 Matth.
878 3712 990 3777 111.
1028 3736 1088 3797 7.
1125 3710 1334 3774 Hebr.
1368 3711 1451 3771 x
1492 3710 1798 3797 29—52.

306 3794 422 3876 47)
469 3795 695 3860 Matth.
748 3796 986 3863 XVIII.
1045 3820 1143 3862 ιι.
1199 3800 1384 3860 Joan.
1439 3798 1549 3868 111.
1617 3796 1720 3862 16.
1779 3798 1943 3861 Luc.
1994 3794 2171 3860 xlx.
2230 3810 2330 3858 ιο.

398 3881 588 3949 Βοιιι.
625 3884 737 3944 111.
782 3893 906 3957 24.
925 3904 1064 3967 sqq.
1101 3885 1180 3947 X.
1223 3884 1285 3954 6.
1328 3905 1465 3968 seq--

306 3966 423 4051 48)
470 3961 802 4032 Ezechiel
836 3970 1794 4054 XV111.21—51.Ephes.1v
1819 3982 1920 4031 22.
1944 3966 2084 4037 Col.
2117 3966 2234 4035 111
2264 3990 2330 4056 9

399 4072 498 4136 sq.
537 4053 724 4116 Rom.
765 4056 939 4119 XIII.
987 4065 1118 4131 14.-

306 4138 426 4224 49)
476 4133 653 4202 Sess.
699 4142 806 4209 VI.
841 4163 899 4205 c.
927 4142 991 4209 6
1032 4156 1100 4208 et
1138 4153 1239 4223 14.
1260 4142 1362 4209 de
1394 4140 1597 4228 justif.
1640 4161 1801 4205 sess.
1836 4143 2011 4214 XIV.
2044 4164 2101 4210 c.
2147 4152 2209 4220 4.
2254 4154 2331 4206 et

391 4226 457 4293 8.
490 4224 572 4292 de
606 4226 904 4311 poenit.
