2846 4770
411 395 482 460 0.
515 394 617 462 II.
650 397 816 484 Art.
847 400 914 463 Ἰ.
962 401 1381 490 Aphorismi
1412 415 1704 478 ascetici
1726 420 2114 502 generales.
2180 424 2302 515 ³7¹
2408 449 2412 454 ’

307 537 456 647 ”³¹0
508 564 568 647 1)
616 566 884 632 Cultura
941 568 1264 639 facultatis
1323 584 1801 664 cognoscendi,
1868 575 1939 654 ni
1990 591 2070 655 ad
2113 571 2312 679 perfi-

391 651 687 715 ciendam
751 654 1123 738 facultatem
1189 670 1537 756 appetendi
1600 674 1822 737 tendat
1885 678 2332 763 disponatve„

393 760 555 802 vero
617 756 797 805 caret
852 747 1087 826 pretio,
1156 749 1218 832 2)
1272 751 1493 843 Quare
1553 780 1633 821 eo
1690 763 1897 826 omnis
1940 782 2168 831 noster
2210 770 2310 834 fe-

393 840 576 887 ratur
621 844 923 905 conatus,
969 848 1041 895 ut
1082 855 1213 896 non
1259 840 1470 902 solum
1516 846 1983 928 sapientiores,
2030 855 2145 916 sed
2181 878 2312 919 ma-

397 914 604 985 xime,
668 929 738 977 ut
774 922 1096 982 meliores
1129 922 1498 991 reddamur.
1558 930 1624 1015 5)
1665 936 1811 998 Hoc
1848 938 1959 1021 qui
1994 941 2306 1026 negligit,

394 1021 430 1061 a
473 1011 613 1062 toto
659 1000 786 1065 fine
836 1025 954 1065 suo
1000 1006 1292 1084 aberrat,
1339 1028 1406 1076 et
1447 1036 1702 1081 omnem
1747 1044 1966 1085 rerum
2012 1027 2314 1092 ordinem

395 1087 686 1153 invertit.
749 1091 816 1169 4)
859 1094 1095 1175 Neque¹
1137 1108 1349 1161 tamen
1401 1101 1501 1163 illi
1547 1103 1712 1169 bene
1758 1109 1880 1171 sibi
1921 1114 2309 1192 consulunt,

398 1174 511 1257 qui
552 1176 851 1257 neglecta
911 1176 1235 1243 facultatis
1295 1194 1737 1270 cognoscendi
1796 1198 2050 1280 cultura
2108 1204 2316 1265 solnm

397 1260 796 1324 voluntatem
875 1266 1225 1332 emendare
1297 1290 1638 1359 conantur.
1728 1283 1891 1345 Nam
1970 1286 2312 1374 utriusque

397 1348 647 1410 cultura
690 1349 1049 1413 arctissime
1094 1356 1410 1437 nectitur3
1475 1377 1543 1424 et
1592 1367 1921 1445 voluntas,
1982 1392 2172 1455 quam
2216 1398 2320 1439 ra·

399 1434 492 1496 tio
534 1435 792 1497 exculta
834 1436 1005 1498 haud
1048 1437 1308 1525 dirigit,
1355 1446 1535 1511 mille
1575 1454 1945 1530 erroribus,
1989 1459 2319 1541 praejudi-

397 1518 557 1596 ciis,
633 1521 1116 1605 superstitioni,
1179 1529 1332 1591 zelo
1391 1532 1790 1617 imprudenti
1848 1548 2316 1625 praecavendis

398 1608 938 1693 corrigend-isque
976 1610 1151 1674 haud
1190 1613 1514 1699 sufficiet3
1573 1622 1703 1687 imo
1731 1648 1868 1707 xnec
1906 1629 2029 1690 sibi
2063 1648 2319 1698 consta-

397 1694 530 1769 bit,
593 1696 855 1781 eoquod
895 1689 1363 1766 enthusiasmus
1399 1707 1569 1768 nulli
1619 1711 1959 1779 distinctae
1992 1720 2319 1802 cognitio-

397 1781 468 1843 ni
506 1781 692 1845 nixus
732 1782 920 1847 brevi
964 1774 1398 1865 evanescere,
1460 1808 1530 1857 et
1567 1795 1948 1864 fortioribus
1996 1807 2319 1869 sensuali-.-

396 1868 544 1930 tatis
564 1868 1102 1953 impressionibus
1124 1873 1322 1940 facile
1346 1877 1587 1946 cedere
1611 1886 1839 1963 soleat,
1875 1910 2203 1976 saepeque
2242 1895 2316 1956 in

398 1954 917 2040 deviaabripiat.
969 1958 1189 2053 Quare
1225 1963 1451 2027 harum
1487 1967 1862 2036 facultatum
1897 1976 2150 2040 cultura
2187 2000 2314 2045 nec

395 2040 626 2119 debet,
669 2042 802 2105 imo
834 2064 960 2107 nec
994 2061 1216 2130 potest
1248 2072 1521 2135 prorsus
1557 2080 1593 2121 a
1630 2080 1699 2124 se
1739 2064 2028 2151 separari
2068 2062 2151 2149 ι).

1131 2237 1200 2333 §·
1246 2217 1395 2339 789·

496 2402 501 2405 k
576 2362 657 2448 2),
692 2368 796 2429 De
834 2373 1073 2434 ordine
1107 2379 1501 2462 officiorum
1538 2388 1945 2468 generatim.

426 2523 538 2595 De
591 2508 740 2596 hoc
792 2525 1058 2600 ordine
1126 2553 1525 2630 sequentes
1580 2561 1925 2623 notamus
1979 2551 2311 2652 regulas:

201 2627 285 2725 ,1)
331 2627 407 2698 in
450 2625 877 2701 officiorum¹
917 2647 991 2704 et
1034 2630 1391 2711 virtutum
1449 2646 1988 2725 exercitatione
2042 2682 2311 2732 execu-

213 2733 580 2830 tioneque
617 2746 916 2806 rectum
951 2735 1303 2821 ordinem
1335 2745 1413 2833 ²⁸²)
1442 2749 1777 2844 servare,
1819 2770 1892 2825 et
1922 2770 2202 2831 tantum
2230 2762 2313 2855 in

221 2862 481 2909 eorum
541 2837 805 2935 quovis
866 2844 1271 2939 temporis,
1327 2847 1557 2920 studii
1597 2876 2032 2956 ,operaeque
2074 2887 2313 2962 pone·

215 2968 304 3013 re
358 2943 711 3040 satagito,
750 2980 753 2989 <
786 2960 1143 3040 quantum
1213 2951 1535 3049 cujusvis
1598 2980 1778 3055 prae
1844 2960 2077 3038 altero
2146 2993 2311 3066 gra·

221 3046 444 3137 vitas,
512 3045 828 3144 dignitas
873 3052 1425 3150 necessitasque
1476 3062 1819 3158 exposcit
1861 3067 1986 3157 (cf.
2036 3067 2110 3169 §
2161 3074 2307 3161 134

219 3156 581 3243 -141.).
658 3152 749 3247 ΙΙ)
814 3153 1062 3244 Quum
1119 3159 1390 3255 religio
1438 3165 1645 3236 om‘ni
1702 3165 2306 3250 bene‘ordinato

223 3280 395 3352 erga
432 3280 510 3326 se
549 3271 621 3325 et
645 3252 830 3328 alios
869 3258 1107 3330 amori
1138 3264 1736 3363 praecipuum'et·
1768 3298 1907 3370 pro
1950 3281 2153 3352 omni
2187 3306 2306 3380 re-

216 3384 388 3430 rum
433 3355 744 3430 articulo
785 3357 1159 3435 sufficiens
1216 3368 1623 3464 motivum,
1691 3376 2302 3479 incitamentum,

214 3469 403 3534 item
457 3462 935 3562 praecipuam
980 3465 1415 3565 dignitatem
1463 3478 1961 3582 meritumque
2015 3514 2146 3562 suo
2190 3491 2305 3562 in·

215 3564 424 3639 fluXu
461 3564 735 3640 tribuat
776 3576 888 3664 (S.
938 3572 1104 3658 145.
1149 3600 1313 3672 sqq.
1361 3592 1435 3648 et
1472 3580 1726 3675 788.):
1767 3588 2110 3665 universe
2150 3595 2301 3692 pri-

215 3696 350 3741 mo
388 3672 575 3744 loco.
598 3688 672 3742 et
707 3675 968 3769 majori
1005 3699 1186 3775 prae
1223 3682 1493 3754 ceteris
1527 3688 1777 3764 studio
1813 3690 2082 3788 officia
2106 3722 2304 3793 erga

216 3773 516 3867 Deum,
570 3773 809 3850 officia
845 3775 1265 3880 religionis,
1320 3811 1673 3864 exerceas
1709 3820 2012 3899 necesse
2055 3820 2168 3876 est
2205 3810 2300 3898 2),

1509 3893 1567 3952 A
1611 3915 1646 3954 a
1692 3910 1729 3957 2

314 4071 373 4147 1)
422 4070 520 4136 cf.
559 4073 661 4134 M.
701 4074 930 4137 Saller
967 4077 1561 4165 Gliicllsel'iglteitsl.
1601 4087 1678 4154 11.
1716 4090 1839 4159 Th.
1880 4086 2290 4182 §.93—101.

305 4153 371 4237 2)
419 4155 516 4218 cf.
540 4157 624 4217 B.
657 4160 949 4224 Statcler
981 4165 1178 4231 ethic.
1215 4169 1437 4242 christ.
1477 4194 1705 4242 comm.
1736 4198 1801 4264 p.
1841 4178 1951 4249 ΙΙΙ.
1989 4195 2146 4253 sect.
2180 4188 2294 4249 ΙΙΙ.

391 4238 453 4327 §.
507 4245 690 4329 1898.
1465 4302 1560 4373 κὴ
