2846 4770
526 391 597 458 0.
644 398 762 460 VJ.
785 398 969 493 ἱΑΝ.
1019 399 1094 463 V.
1125 399 1239 462 De
1272 399 1535 486 officiis
1577 397 2032 484 regularium.
2203 393 2328 466 155

217 576 335 645 v'is
389 597 468 644 se
528 572 738 645 omni
793 572 1068 671 privati
1119 571 1440 646 dominii
1495 588 1571 645 et
1623 571 2100 673 proprietatis
2156 575 2317 671 jure

216 700 460 775 usque
523 675 1069 776 independenti
1123 676 1447 756 abdicat.
1517 678 1762 769 Quare
1809 683 1875 764 a)
1933 677 2083 778 jam
2142 690 2325 777 por-i

213 804 303 855 ro
348 782 448 853 de
491 779 714 853 rebus
763 780 1303 882 temporalibus
1344 780 1913 880 quibuscunque
1966 782 2154 854 citra
2194 805 2320 854 su-

207 889 552 985 perioris
581 884 816 958 libere
839 886 1115 961 datam
1134 891 1285 960 sive
1307 908 1764 983 expressam
1780 890 1934 958 sive
1965 888 2315 978 tacitam,

216 1006 369 1082 aut,
406 989 536 1063 ubi
562 989 750 1063 haec
773 990 961 1065 forte
986 990 1554 1089 haberinequit‚
1591 994 1781 1088 juste
1802 988 2062 1064 saltem
2077 984 2313 1086 prae·

216 1111 556 1169 sumtam
583 1093 965 1169 licentiam
1004 1095 1206 1169 licite
1252 1096 1512 1194 nequit
1545 1098 1991 1195 disponere;
2035 1110 2113 1167 et
2134 1093 2212 1190 b)
2247 1095 2314 1185 si

216 1200 296 1274 id
337 1201 422 1273 in
475 1227 557 1273 re
606 1203 900 1299 majoris
943 1204 1305 1275 momenti
1356 1226 1571 1275 ausus
1625 1201 1891 1294 fuerit,
1946 1199 2187 1299 gravis
2231 1223 2311 1270 se

217 1305 482 1406 culpae
522 1332 731 1378 reum
758 1364 781 1398 ,
836 1306 987 1381 imo
1035 1304 1396 1380 ecclesiae
1436 1306 1700 1407 poenis
1742 1304 2152 1380 obnoxium
2177 1300 2308 1392 183)

223 1426 334 1482 est
367 1411 832 1485 redditurus.

301 1599 365 1684 ¹¹⁵)
438 1598 747 1661 Ceterum
826 1601 1176 1664 concilium
1237 1601 1534 1665 Trident.
1604 1597 1732 1682 ²84)
1797 1613 2056 1663 monet:
2130 1602 2309 1663 »Mo-

391 1684 650 1747 »bilium
703 1708 888 1749 usum
944 1688 1030 1750 ita
1075 1690 1452 1772 superiores
1489 1685 1905 1771 permittant,
1963 1700 2037 1747 ut
2080 1706 2312 1749 eorum

390 1773 766 1856 »suppellex
824 1775 1017 1838 statui
1071 1776 1515 1861 paupertatis,
1563 1794 1754 1859 quam
1803 1770 2089 1856 prosessi
2126 1786 2311 1848 sunt,

392 1861 767 1923 »conveniat
801 1905 819 1934 ,
879 1862 1170 1945 nihilque
1236 1859 1550 1947 superflui
1612 1861 1681 1922 iu
1739 1860 2022 1941 casita<
2113 1856 2313 1952 Quod

386 1948 699 2009 monitum
745 1968 875 2009 non
931 1949 1169 2012 subditi
1229 1938 1566 2021 duntairat,
1631 1945 1750 2009 sed
1803 1961 1874 2009 et
1929 1951 2308 2039 superiores

383 2035 728 2116 regulares
764 2036 885 2097 sibi
926 2035 1171 2099 dictum
1208 2052 1456 2121 putent.
1546 2036 1799 2117 Nempe
1848 2035 1903 2117 ι)
1946 2054 2172 2100 omnes
2205 2054 2312 2097 re-

387 2123 650 2205 gulares
684 2137 990 2197 caveant,
1035 2147 1120 2189 ne
1174 2141 1407 2189 statum
1455 2120 1853 2206 paupertatis
1896 2120 2310 2203 professione

382 2210 633 2278 solum,
696 2230 826 2271 non
880 2209 1038 2275 item
1087 2234 1162 2276 re
1221 2225 1527 2288 teneant3
1590 2208 1832 2272 nedum
1885 2208 2088 2271 veluti
2138 2203 2321 2273 com-'

381 2296 748 2371 moditatis,
812 2296 943 2360 imo
1003 2300 1449 2362 sensualitatis
1481 2297 1674 2359 etiam
1720 2293 2042 2357 fovendae
2106 2293 2312 2358 subsi-

384 2381 562 2446 dium
618 2399 847 2469 putent
896 2400 1005 2448 aut
1057 2401 1393 2472 usurpent.
1476 2385 1541 2467 2)
1581 2381 1978 2466 Superiores
2040 2402 2303 2468 quoque

358 2492 515 2531 ·non
552 2471 873 2533 bonorum
906 2475 1283 2536 monasterii
1316 2471 1650 2544 dominos,
1699 2468 1816 2532 sed
1856 2467 2306 2544 administros,

379 2570 451 2619 et
493 2558 754 2642 quidem
800 2574 1246 2642 paupertatem
1310 2560 1539 2622 itidem
1595 2556 1934 2640 professos
1996 2576 2066 2618 se
2127 2555 2308 2641 cogi-

379 2658 541 2706 tent.
629 2640 694 2727 5)
745 2644 1072 2740 Quocirca
1130 2648 1389 2731 utrique
1436 2644 1609 2706 haud
1652 2664 1873 2707 coram
1916 2644 2064 2705 Deo
2110 2666 2308 2708 excu-

381 2731 618 2794 sabiles
666 2748 853 2807 sunt,
915 2733 971 2793 si
1025 2734 1192 2796 bona
1237 2729 1618 2795 monasterii
1679 2730 1747 2790 in
1809 2748 2145 2811 pompam,
2207 2731 2307 2791 lu-

376 2840 565 2891 xum,
628 2820 1200 2884 commessationes
1237 2864 1253 2894 ,
1313 2818 1667 2890 ludorum,
1724 2814 2172 2877 conviviorum
2234 2829 2331 2897 et·

379 2903 838 2987 hospitalitatis
881 2906 1485 2971 immoderationem
1537 2900 1914 2984 dilapident.
1964 2898 2159 2991 Quod
2194 2924 2305 2983 ap-

273 3029 276 3032 ·
377 2992 591 3075 posite
653 2993 756 3055 vir
816 2993 1121 3056 cordatus
1187 3004 1410 3055 monet
1472 2985 1624 3069 ¹85).
1714 2988 1801 3048 Et
1860 2984 2064 3053 aliusz
2136 2986 2309 3069 »Ipsi

379 3100 577 3142 »vero
624 3079 1084 3163 religiosorum
1133 3079 1428 3165 praelati,
1464 3074 1716 3159 inquit,
1752 3087 2031 3157 peccant
2074 3077 2334 3136 contra'

380 3180 635 3229 »votum
698 3168 1094 3250 paupertatis
1153 3183 1219 3233 et
1262 3163 1609 3253 justitiam,
1674 3162 1730 3223 si
1788 3160 1956 3221 bona
2023 3168 2318 3227 conveni

382 3266 520 3315 »tus
565 3252 757 3316 aliter
818 3254 1231 3338 impendant,
1297 3254 1406 3317 vel
1453 3251 1738 3327 donent,
1799 3267 1989 3331 quam
2051 3246 2302 3310 ordinis

381 3339 519 3400 »sui
572 3340 839 3424 regula,
884 3341 992 3405 vel
1029 3342 1405 3424 approbata
1460 3332 1904 3408 consuetudo,
1950 3348 2069 3416 aut·
2109 3356 2299 3420 supe·

382 3424 667 3487 »riorum
715 3428 1153 3509 praelatorum
1189 3426 1487 3490 voluntas
1539 3422 1621 3506 (si
1657 3419 1852 3484 modo
1884 3420 2055 3502 justa
2100 3436 2169 3486 et
2200 3442 2301 3483 ra-

381 3512 770 3600 »tionabilis)
811 3513 907 3578 eis
947 3513 1262 3598 permittit
1299 3526 1430 3585 etc,
1480 3509 1637 3598 ²86),

303 3790 449 3869 183)
497 3794 679 3859 Trid.
732 3810 893 3854 sess.
943 3789 1150 3859 XXV.
1189 3809 1244 3855 c.
1276 3804 1337 3859 2.
1373 3786 1458 3852 de
1517 3787 1872 3875 regularib.
1925 3806 1981 3852 ο.
2026 3791 2091 3859 4.
2129 3783 2297 3850 et‘6.

384 3879 468 3941 de
510 3895 675 3941 statu
712 3873 1010 3943 monach.

210 3977 215 3986 '
305 3963 449 4040 184)
491 3968 659 4030 Lon.
705 3964 815 4029 cit.
955 3975 960 3979 ’

306 4048 447 4126 185)
495 4053 791 4116 Barthel
824 4065 1041 4116 annot.
1077 4050 1146 4112 in
1175 4051 1250 4114 P.
1280 4049 1479 4134 Engl.
1509 4051 1613 4133 jus
1652 4067 1791 4109 can.
1832 4046 1879 4118 l,
1916 4043 2028 4105 111.
2066 4040 2162 4113 tit.
2197 4042 2301 4113 25..

308 4134 451 4218 186)
498 4138 811 4204 Antoine
853 4139 1058 4206 theol.
1109 4137 1338 4202 moral.
1372 4151 1530 4202 „tom
1601 4134 1650 4199 1.
1685 4132 1771 4199 de
1821 4132 2085 4217 obligat.
2135 4152 2192 4198 ο.
2241 4145 2299 4196 2.

361 4243 442 4309 ⁴1·
486 4232 551 4300 4·
