2846 4770
520 371 654 443 326
684 375 799 444 De
817 379 1056 442 christ·
1075 383 1316 443 vlt-tut.
1334 361 1919 464 perfectioni-rhua
1933 376 2290 441 subsidiis.
2312 375 2501 450 sect.
2520 380 2626 445 ΙΙ.

616 550 721 638 **)
771 548 1129 635 Equidem,
1202 549 1263 632 ι)
1309 568 1429 612 cur
1469 549 1661 613 verbi
1705 551 1841 611 Dec·
1887 550 2318 630 praedicatio
2365 549 2626 616 fructus

707 639 948 700 uberes
993 657 1124 698 non
1168 635 1375 709 ferat,
1438 655 1631 717 saepe
1672 632 1944 717 impedit
1981 634 2332 718 religiosae
2377 637 2637 702 institu-

704 725 904 790 tionis
961 727 1131 787 ratio
1186 722 1302 784 fini
1361 743 1480 785 suo
1539 721 1752 806 quoad
1815 738 2304 805 argumentum,
2366 726 2635 789 modum

704 813 1135 896 adjunctaque
1182 811 1353 872 haud
1404 809 1561 871 satis
1601 809 2014 872 consentiens
2052 807 2132 890 (§.
2175 810 2631 896 725—726).

709 903 797 961 At
842 918 1003 960 vero
1050 898 1116 980 α)
1165 899 1318 961 illos
1376 897 1628 958 fructus
1692 896 1889 976 vulgo
1954 896 2297 998 praepedit
2341 911 2455 960 aut
2503 898 2635 960 suf·

711 983 891 1048 focat
934 985 1159 1048 itidem
1205 985 1575 1047 auditorum
1632 978 2033 1065 negligentia
2080 983 2443 1068 culpaque,
2508 1007 2633 1069 qua

709 1071 773 1156 a)
821 1084 929 1133 aut
972 1094 1166 1146 raro,
1228 1086 1334 1133 aut
1377 1091 1510 1132 non
1557 1090 1674 1143 eo,
1735 1090 1865 1151 quo
1914 1068 2225 1142 diximus,
2286 1071 2486 1134 modo
2540 1074 2636 1132 in-

704 1159 1106 1222 stitutionem
1151 1178 1398 1219 sacram
1418 1157 1886 1239 frequentant3
1937 1170 2046 1218 aut
2084 1154 2148 1236 b)
2198 1156 2281 1217 ob
2327 1161 2634 1242 neglecta

705 1246 953 1348 primae
977 1243 1396 1306 institutionis
1428 1246 1751 1304 elementa
1783 1263 1921 1303 cam
1957 1242 2127 1304 haud
2153 1244 2304 1305 satis
2333 1246 2636 1346 capiunt3
2717 1258 2733 1277 '

707 1336 840 1393 imo
880 1332 940 1412 c)
989 1332 1406 1413 praejudiciis
1448 1330 1762 1411 malisque
1804 1328 2146 1390 affectibus
2194 1350 2288 1391 ac
2309 1331 2478 1393 vitiis
2526 1353 2638 1393 ex·

710 1420 962 1481 coecati
1011 1419 1348 1481 veritatem
1396 1417 1774 1499 intelligere
1821 1416 2085 1488 nolunt;
2130 1430 2238 1477 aut
2283 1419 2474 1479 nimis
2521 1418 2638 1479 de·

707 1506 887 1567 licati
934 1506 999 1585 d)
1048 1505 1389 1567 veritatem
1434 1504 1566 1566 nisi
1621 1504 1969 1565 verborum
2028 1505 2633 1588 sententiarumque

708 1594 1001 1677 phaleris
1051 1606 1375 1665 ornatam,
1437 1605 1544 1652 aut
1587 1589 1788 1652 nitide
1836 1603 2148 1664 comtam,
2207 1606 2313 1652 aut
2361 1593 2636 1655 suavita·

708 1696 775 1741 te
824 1679 1147 1740 conditam
1193 1678 1568 1755 fastidiunt3
1617 1675 1682 1759 c)
1727 1677 1828 1739 vel
1873 1691 2054 1739 certe
2094 1699 2268 1751 eam,
2314 1677 2474 1741 licet
2513 1700 2634 1761 per

709 1767 1106 1828 auditionem
1154 1766 1498 1837 commoti,
1562 1784 1684 1825 nec
1730 1779 1986 1838 mente,
2047 1786 2169 1826 nec
2215 1765 2432 1826 animo
2476 1766 2635 1827 reti-

704 1876 906 1927 nere,
951 1854 1192 1914 nedum
1236 1865 1611 1914 constanter
1656 1849 1719 1908 in
1764 1863 1973 1911 act'um
2021 1849 2353 1914 deducere
2399 1874 2638 1914 conan-

705 1956 848 2013 tur,
895 1954 964 2002 et
991 1939 1314 2022 evangelii
1353 1960 1580 2000 semen
1618 1938 1719 1998 vel
1761 1943 2196 2019 voluptatum,
2243 1940 2351 1999 vel
2394 1960 2632 2021 opum,

709 2027 817 2090 vel
875 2028 1099 2087 mundi
1154 2026 1523 2088 inordinato
1584 2044 1804 2085 amore
1868 2025 2497 2086 aut-adversitatum
2562 2026 2636 2087 ti-

708 2134 893 2174 more
942 2113 1300 2187 suffocant,
1361 2127 1429 2174 et
1475 2111 1793 2173 fructibus
1843 2112 1944 2172 vel
1984 2111 2278 2172 omnibus
2327 2113 2434 2174 vel
2480 2132 2634 2173 con-

713 2200 1096 2282 gruentibus
1157 2200 1544 2281 exspoliant
1641 2200 1775 2257 lmo
1837 2197 1904 2280 5)
1974 2219 2105 2257 non
2171 2198 2443 2272 desunt,
2523 2199 2634 2282 qui

710 2287 1009 2369 publicae
1055 2286 1481 2347 institutionis
1522 2305 1821 2344 nauscam
1871 2305 1944 2345 ac
1993 2298 2388 2346 contemtum
2437 2287 2631 2346 variis

711 2372 1081 2433 obtentibus
1122 2393 1435 2434 excusare
1474 2383 1758 2432 tentant·
1817 2369 1940 2450 jam
1978 2369 2035 2453 a)
2082 2371 2249 2432 sacri
2286 2374 2631 2455 praeconis

708 2479 1092 2541 personam,
1153 2458 1539 2531 ruditatem,
1603 2458 1990 2530 dictionem,
2053 2479 2315 2535 vocem,
2378 2476 2635 2541 gestum

705 2547 920 2604 minus
986 2543 1330 2606 decentem
1393 2545 1846 2627 placentemve
1917 2560 2300 2619 causantes3·
2372 2547 2496 2626 jam
2564 2550 2629 2628 b)

706 2632 1018 2691 orationis
1065 2647 1553 2715 argumentum,
1598 2633 2207 2714 pertractationem,
2270 2635 2636 2715 peroratio-

707 2740 858 2780 nem
905 2734 1294 2802 arguentes3
1345 2720 1469 2799 jam
1516 2720 1575 2801 c)
1623 2719 2037 2802 negotiorum
2086 2723 2323 2782 molem
2372 2736 2633 2802 praete-

706 2820 972 2879 xentes3
1034 2806 1160 2885 jam
1207 2805 1274 2887 d)
1325 2804 1652 2888 propriam
1700 2804 2170 2879 eruditionem,
2235 2828 2398 2888 quae
2447 2827 2633 2890 prae·

706 2893 889 2954 conis
935 2891 1144 2953 minus
1204 2894 1457 2954 erudita
1518 2892 1920 2953 institutione
1981 2892 2150 2954 haud
2198 2908 2428 2992 egeat,
2493 2915 2631 2955 cre-

705 2996 934 3063 pantes
980 2994 1148 3043 etc..
1173 2985 1312 3040 .At
1358 2999 1517 3042 vero
1562 2980 1627 3059 4)
1676 2981 1785 3062 qui
1836 2978 2169 3040 veritatem
2217 2981 2477 3042 sincere
2526 3000 2633 3040 cu·

705 3070 838 3152 pit,
899 3066 954 3127 is
1002 3072 1085 3147 a)
1109 3066 1174 3126 in
1224 3085 1548 3147 praecone
1596 3065 1787 3127 etiam
1832 3064 2217 3165 imperfecto
2265 3068 2644 3127 ministrum·

710 3153 954 3216 Christi
993 3167 1375 3227 reveretur3
1433 3172 1559 3215 nec
1601 3152 1673 3233 b)
1717 3151 2066 3227 corticem,
2128 3152 2243 3214 sed
2280 3153 2627 3227 nucleum,

706 3260 832 3302 nec
871 3240 1320 3311 condimenta,
1366 3239 1485 3300 sed
1526 3237 1805 3300 solidum
1845 3239 2059 3300 cibum
2098 3242 2386 3340 quaerit,
2434 3261 2628 3324 quem

703 3328 771 3387 in
820 3348 1121 3388 sermone
1170 3326 1362 3386 etiam
1402 3325 1681 3411 simplici
1718 3345 1790 3386 ac
1829 3325 2038 3389 minus
2079 3326 2285 3409 polito
2329 3327 2626 3392 sincerus

706 3414 851 3475 veri
908 3414 1190 3498 bonique
1252 3427 1533 3485 amator,
1595 3408 1800 3476 veluti
1857 3433 2049 3496 sagax
2095 3414 2267 3495 apis,
2332 3414 2623 3490 invenit3

708 3500 770 3581 c)
818 3500 873 3560 is
917 3500 1250 3583 negotium
1310 3499 1536 3561 salutis
1600 3498 1871 3583 reliquis
1920 3501 2211 3561 omnibus
2258 3502 2476 3582 potius
2523 3501 2632 3561 ha-

706 3589 856 3660 bet,
911 3587 1041 3647 imo
1084 3586 1442 3669 negotiosis
1483 3607 1557 3649 ac
1595 3585 1938 3667 multiplici
1976 3609 2127 3648 cura
2165 3587 2494 3650 distractis
2533 3608 2632 3647 sa-

616 3674 621 3679 *
705 3676 954 3753 lutalcs
1015 3666 1506 3736 exhortationes
1570 3673 2163 3759 instructionesque
2221 3675 2428 3758 magis
2486 3674 2630 3735 fere

703 3762 1105 3825 necessarias
1139 3782 1285 3823 esse
1323 3762 1493 3824 haud
1529 3762 1816 3845 ignorat3
1855 3759 1921 3843 d)
1947 3783 2069 3824 nec
2104 3760 2461 3843 sapientiae
2484 3782 2632 3843 per-

708 3850 1006 3921 suasione
1054 3846 1310 3921 inflatus
1362 3851 1440 3912 ab
1484 3850 1626 3911 aliis
1662 3847 2059 3932 quibusque,
2119 3848 2358 3911 nedum
2400 3871 2438 3911 a
2478 3847 2630 3909 reli-

711 3939 922 4020 gionis
968 3937 1277 3999 ministris
1323 3937 1624 4000 salutaria
1666 3935 1922 3997 discere
1970 3936 2137 3997 haud
2178 3948 2476 4007 recusat,
2526 3932 2635 3996 be-

711 4046 796 4085 ne
842 4046 1130 4126 memor,
1190 4024 1489 4087 homines
1540 4021 1812 4124 profana
1873 4024 2256 4085 eruditione
2295 4012 2638 4086 excellen-

712 4124 842 4177 tes
837 4111 923 4177 iu
961 4111 1193 4180 salutis
1237 4110 1508 4181 scientia
1547 4107 1715 4176 haud
1755 4108 1841 4173 ita
1885 4130 2146 4198 semper
2182 4128 2461 4196 sapere,
2507 4109 2640 4172 imo
