<?xml version="1.0" encoding="UTF-8"?>
<!DOCTYPE html PUBLIC "-//W3C//DTD XHTML 1.0 Transitional//EN"
    "http://www.w3.org/TR/xhtml1/DTD/xhtml1-transitional.dtd">
<html xmlns="http://www.w3.org/1999/xhtml" xml:lang="en" lang="en">
 <head>
  <title>
</title>
<meta http-equiv="Content-Type" content="text/html;charset=utf-8" />
  <meta name='ocr-system' content='tesseract 3.04.00' />
  <meta name='ocr-capabilities' content='ocr_page ocr_carea ocr_par ocr_line ocrx_word'/>
</head>
<body>
  <div class='ocr_page' id='page_1' title='image "./ethicachristian00schegoog_0392.png"; bbox 0 0 2846 4770; ppageno 0'>
   <div class='ocr_carea' id='block_1_1' title="bbox 545 319 2648 434">
    <p class='ocr_par' dir='ltr' id='par_1_1' title="bbox 545 319 2648 434">
     <span class='ocr_line' id='line_1_1' title="bbox 545 319 2648 434; baseline 0.002 -27"><span class='ocrx_word' id='word_1_1' title='bbox 545 339 682 428; x_wconf 69' lang='lat'><strong>576</strong></span> <span class='ocrx_word' id='word_1_2' title='bbox 699 343 1112 432; x_wconf 69' lang='lat' dir='ltr'><strong>Aphon&#39;smi</strong></span> <span class='ocrx_word' id='word_1_3' title='bbox 1126 345 1442 425; x_wconf 66' lang='grc' dir='ltr'><strong>σεσὶεἰόἰ,</strong></span> <span class='ocrx_word' id='word_1_4' title='bbox 1461 319 2282 434; x_wconf 54' lang='lat' dir='ltr'><strong>m0r2prndaentia1esque.,</strong></span> <span class='ocrx_word' id='word_1_5' title='bbox 2291 344 2480 420; x_wconf 52' lang='lat' dir='ltr'><strong>Secu</strong></span> <span class='ocrx_word' id='word_1_6' title='bbox 2490 347 2648 412; x_wconf 87' lang='lat' dir='ltr'><em>III.</em></span> 
     </span>
    </p>
   </div>
   <div class='ocr_carea' id='block_1_2' title="bbox 549 515 2674 2493">
    <p class='ocr_par' dir='ltr' id='par_1_2' title="bbox 549 515 2656 1244">
     <span class='ocr_line' id='line_1_2' title="bbox 550 515 2655 620; baseline -0.001 -26"><span class='ocrx_word' id='word_1_7' title='bbox 550 517 691 594; x_wconf 75' lang='lat' dir='ltr'><strong>sub</strong></span> <span class='ocrx_word' id='word_1_8' title='bbox 738 515 1054 594; x_wconf 87' lang='lat' dir='ltr'><strong>obtentu</strong></span> <span class='ocrx_word' id='word_1_9' title='bbox 1097 519 1402 620; x_wconf 83' lang='lat' dir='ltr'><strong>majoris</strong></span> <span class='ocrx_word' id='word_1_10' title='bbox 1444 520 1776 620; x_wconf 87' lang='lat' dir='ltr'><strong>privatae</strong></span> <span class='ocrx_word' id='word_1_11' title='bbox 1820 517 2286 613; x_wconf 88' lang='lat' dir='ltr'><strong>devotionis,</strong></span> <span class='ocrx_word' id='word_1_12' title='bbox 2350 520 2655 592; x_wconf 89' lang='lat' dir='ltr'><strong>nedum</strong></span> 
     </span>
     <span class='ocr_line' id='line_1_3' title="bbox 554 621 2656 720; baseline 0.001 -24"><span class='ocrx_word' id='word_1_13' title='bbox 554 621 719 697; x_wconf 87' lang='lat' dir='ltr'><strong>aliis</strong></span> <span class='ocrx_word' id='word_1_14' title='bbox 766 622 1056 699; x_wconf 83' lang='lat' dir='ltr'><strong>frivolis</strong></span> <span class='ocrx_word' id='word_1_15' title='bbox 1100 651 1194 699; x_wconf 86' lang='lat' dir='ltr'><strong>ex</strong></span> <span class='ocrx_word' id='word_1_16' title='bbox 1246 623 1487 697; x_wconf 89' lang='lat' dir='ltr'><strong>causis</strong></span> <span class='ocrx_word' id='word_1_17' title='bbox 1542 630 1658 720; x_wconf 77' lang='lat' dir='ltr'><strong>(S.</strong></span> <span class='ocrx_word' id='word_1_18' title='bbox 1710 630 1920 720; x_wconf 86' lang='lat'><em>772.)</em></span> <span class='ocrx_word' id='word_1_19' title='bbox 1963 639 2038 694; x_wconf 92' lang='lat' dir='ltr'><strong>te</strong></span> <span class='ocrx_word' id='word_1_20' title='bbox 2078 622 2498 699; x_wconf 85' lang='lat' dir='ltr'><strong>subtrahito</strong></span> <span class='ocrx_word' id='word_1_21' title='bbox 2535 623 2656 720; x_wconf 78' lang='grc'><strong>5);</strong></span> 
     </span>
     <span class='ocr_line' id='line_1_4' title="bbox 553 726 2650 821; baseline -0.001 -19"><span class='ocrx_word' id='word_1_22' title='bbox 553 726 848 810; x_wconf 82' lang='lat' dir='ltr'><strong>demum</strong></span> <span class='ocrx_word' id='word_1_23' title='bbox 877 731 953 821; x_wconf 82' lang='lat'><strong>3)</strong></span> <span class='ocrx_word' id='word_1_24' title='bbox 979 742 1481 806; x_wconf 81' lang='lat' dir='ltr'><strong>sacramenta</strong></span> <span class='ocrx_word' id='word_1_25' title='bbox 1517 754 1554 800; x_wconf 91' lang='lat' dir='ltr'><strong>a</strong></span> <span class='ocrx_word' id='word_1_26' title='bbox 1588 728 1886 800; x_wconf 89' lang='lat' dir='ltr'><strong>Christo</strong></span> <span class='ocrx_word' id='word_1_27' title='bbox 1925 728 2257 801; x_wconf 90' lang='lat' dir='ltr'><strong>Domino</strong></span> <span class='ocrx_word' id='word_1_28' title='bbox 2298 729 2650 801; x_wconf 89' lang='lat' dir='ltr'><strong>instituta</strong></span> 
     </span>
     <span class='ocr_line' id='line_1_5' title="bbox 553 829 2653 931; baseline -0.001 -24"><span class='ocrx_word' id='word_1_29' title='bbox 553 855 695 925; x_wconf 84' lang='lat' dir='ltr'><strong>eo,</strong></span> <span class='ocrx_word' id='word_1_30' title='bbox 765 857 915 930; x_wconf 88' lang='lat' dir='ltr'><strong>quo</strong></span> <span class='ocrx_word' id='word_1_31' title='bbox 982 834 1095 907; x_wconf 91' lang='lat' dir='ltr'><strong>rei</strong></span> <span class='ocrx_word' id='word_1_32' title='bbox 1147 832 1652 905; x_wconf 82' lang='lat' dir='ltr'><strong>sanctissimae</strong></span> <span class='ocrx_word' id='word_1_33' title='bbox 1707 829 2002 905; x_wconf 85' lang='lat' dir='ltr'><strong>indoles</strong></span> <span class='ocrx_word' id='word_1_34' title='bbox 2055 857 2484 931; x_wconf 88' lang='lat' dir='ltr'><strong>scopusque</strong></span> <span class='ocrx_word' id='word_1_35' title='bbox 2553 857 2653 905; x_wconf 92' lang='lat' dir='ltr'><strong>ac</strong></span> 
     </span>
     <span class='ocr_line' id='line_1_6' title="bbox 549 933 2648 1039; baseline -0.001 -30"><span class='ocrx_word' id='word_1_36' title='bbox 549 952 1038 1039; x_wconf 88' lang='lat' dir='ltr'><strong>praeceptum</strong></span> <span class='ocrx_word' id='word_1_37' title='bbox 1092 937 1373 1013; x_wconf 85' lang='lat' dir='ltr'>Christi</span> <span class='ocrx_word' id='word_1_38' title='bbox 1430 953 1505 1011; x_wconf 88' lang='lat' dir='ltr'><strong>et</strong></span> <span class='ocrx_word' id='word_1_39' title='bbox 1568 933 1925 1009; x_wconf 86' lang='lat' dir='ltr'><strong>ecclesiae</strong></span> <span class='ocrx_word' id='word_1_40' title='bbox 1978 934 2121 1007; x_wconf 87' lang='lat' dir='ltr'><strong>sibi</strong></span> <span class='ocrx_word' id='word_1_41' title='bbox 2178 952 2648 1036; x_wconf 83' lang='lat' dir='ltr'><strong>exposcunt,</strong></span> 
     </span>
     <span class='ocr_line' id='line_1_7' title="bbox 552 1038 2646 1158; baseline -0.001 -44"><span class='ocrx_word' id='word_1_42' title='bbox 552 1038 787 1114; x_wconf 86' lang='lat' dir='ltr'><strong>modo</strong></span> <span class='ocrx_word' id='word_1_43' title='bbox 844 1045 1050 1138; x_wconf 78' lang='grc'><strong>(745.</strong></span> <span class='ocrx_word' id='word_1_44' title='bbox 1108 1048 1302 1140; x_wconf 83' lang='lat' dir='ltr'>sqq.)</span> <span class='ocrx_word' id='word_1_45' title='bbox 1359 1065 1445 1112; x_wconf 88' lang='lat' dir='ltr'><strong>ac</strong></span> <span class='ocrx_word' id='word_1_46' title='bbox 1498 1040 1852 1114; x_wconf 90' lang='lat' dir='ltr'><strong>decenter</strong></span> <span class='ocrx_word' id='word_1_47' title='bbox 1922 1040 2196 1158; x_wconf 86' lang='lat' dir='ltr'><strong>pieque</strong></span> <span class='ocrx_word' id='word_1_48' title='bbox 2248 1040 2646 1140; x_wconf 87' lang='lat' dir='ltr'><strong>recipere,</strong></span> 
     </span>
     <span class='ocr_line' id='line_1_8' title="bbox 554 1143 2653 1244; baseline -0.001 -26"><span class='ocrx_word' id='word_1_49' title='bbox 554 1143 905 1244; x_wconf 84' lang='lat' dir='ltr'><strong>inprimis</strong></span> <span class='ocrx_word' id='word_1_50' title='bbox 959 1162 1203 1220; x_wconf 87' lang='lat' dir='ltr'><strong>autem</strong></span> <span class='ocrx_word' id='word_1_51' title='bbox 1272 1144 1765 1218; x_wconf 78' lang='lat' dir='ltr'><strong>eucharistiae</strong></span> <span class='ocrx_word' id='word_1_52' title='bbox 1830 1168 1915 1217; x_wconf 89' lang='lat' dir='ltr'><strong>ac</strong></span> <span class='ocrx_word' id='word_1_53' title='bbox 1967 1143 2481 1243; x_wconf 85' lang='lat' dir='ltr'><strong>poenitentiae</strong></span> <span class='ocrx_word' id='word_1_54' title='bbox 2538 1170 2653 1217; x_wconf 90' lang='lat' dir='ltr'><strong>sa·</strong></span> 
     </span>
    </p>

    <p class='ocr_par' dir='ltr' id='par_1_3' title="bbox 549 1247 2653 1867">
     <span class='ocr_line' id='line_1_9' title="bbox 556 1247 2650 1347; baseline 0 -26"><span class='ocrx_word' id='word_1_55' title='bbox 556 1263 1021 1321; x_wconf 80' lang='lat' dir='ltr'><strong>eramentum</strong></span> <span class='ocrx_word' id='word_1_56' title='bbox 1072 1255 1178 1346; x_wconf 71' lang='grc'><strong>(5.</strong></span> <span class='ocrx_word' id='word_1_57' title='bbox 1238 1260 1408 1346; x_wconf 75' lang='grc'><strong>749.</strong></span> <span class='ocrx_word' id='word_1_58' title='bbox 1465 1274 1629 1347; x_wconf 85' lang='lat' dir='ltr'><strong>sqq.</strong></span> <span class='ocrx_word' id='word_1_59' title='bbox 1686 1248 1855 1345; x_wconf 85' lang='lat'><strong><em>752.</em></strong></span> <span class='ocrx_word' id='word_1_60' title='bbox 1908 1274 2072 1346; x_wconf 83' lang='lat' dir='ltr'><strong>sqq.</strong></span> <span class='ocrx_word' id='word_1_61' title='bbox 2056 1252 2106 1337; x_wconf 83' lang='lat'><strong>.)</strong></span> <span class='ocrx_word' id='word_1_62' title='bbox 2162 1247 2650 1346; x_wconf 86' lang='lat' dir='ltr'><strong>frequentare</strong></span> 
     </span>
     <span class='ocr_line' id='line_1_10' title="bbox 552 1349 2653 1450; baseline 0 -26"><span class='ocrx_word' id='word_1_63' title='bbox 552 1349 883 1429; x_wconf 73' lang='lat' dir='ltr'><strong>studeto.</strong></span> <span class='ocrx_word' id='word_1_64' title='bbox 934 1355 1071 1444; x_wconf 88' lang='lat' dir='ltr'><strong>1v)</strong></span> <span class='ocrx_word' id='word_1_65' title='bbox 1112 1353 1456 1450; x_wconf 87' lang='lat' dir='ltr'><strong>Denique</strong></span> <span class='ocrx_word' id='word_1_66' title='bbox 1499 1351 1894 1426; x_wconf 82' lang='lat' dir='ltr'><strong>mediatae</strong></span> <span class='ocrx_word' id='word_1_67' title='bbox 1938 1353 2334 1449; x_wconf 49' lang='lat' dir='ltr'><strong>religionis·</strong></span> <span class='ocrx_word' id='word_1_68' title='bbox 2374 1350 2653 1449; x_wconf 82' lang='lat' dir='ltr'><strong>officia</strong></span> 
     </span>
     <span class='ocr_line' id='line_1_11' title="bbox 558 1456 2651 1554; baseline -0.002 -23"><span class='ocrx_word' id='word_1_69' title='bbox 558 1460 670 1550; x_wconf 71' lang='lat' dir='ltr'><strong>(S</strong></span> <span class='ocrx_word' id='word_1_70' title='bbox 707 1475 880 1552; x_wconf 87' lang='grc'><strong>299.</strong></span> <span class='ocrx_word' id='word_1_71' title='bbox 922 1461 1065 1554; x_wconf 84' lang='lat' dir='ltr'><strong>sq.)</strong></span> <span class='ocrx_word' id='word_1_72' title='bbox 1101 1471 1353 1530; x_wconf 86' lang='lat' dir='ltr'><strong>sancte</strong></span> <span class='ocrx_word' id='word_1_73' title='bbox 1387 1456 1679 1554; x_wconf 83' lang='lat' dir='ltr'><strong>exequi,</strong></span> <span class='ocrx_word' id='word_1_74' title='bbox 1722 1457 1907 1529; x_wconf 90' lang='lat' dir='ltr'><strong>fines</strong></span> <span class='ocrx_word' id='word_1_75' title='bbox 1945 1456 2086 1529; x_wconf 87' lang='lat' dir='ltr'><strong>Dei</strong></span> <span class='ocrx_word' id='word_1_76' title='bbox 2121 1481 2397 1529; x_wconf 88' lang='lat' dir='ltr'><strong>summe</strong></span> <span class='ocrx_word' id='word_1_77' title='bbox 2434 1482 2651 1528; x_wconf 88' lang='lat' dir='ltr'><strong>reve-</strong></span> 
     </span>
     <span class='ocr_line' id='line_1_12' title="bbox 553 1557 2646 1662; baseline -0 -30"><span class='ocrx_word' id='word_1_78' title='bbox 553 1559 736 1650; x_wconf 83' lang='lat' dir='ltr'><strong>reri,</strong></span> <span class='ocrx_word' id='word_1_79' title='bbox 778 1558 874 1631; x_wconf 87' lang='lat' dir='ltr'><strong>de</strong></span> <span class='ocrx_word' id='word_1_80' title='bbox 907 1559 1193 1634; x_wconf 90' lang='lat' dir='ltr'><strong>mundo</strong></span> <span class='ocrx_word' id='word_1_81' title='bbox 1228 1560 1549 1662; x_wconf 89' lang='lat' dir='ltr'><strong>physico</strong></span> <span class='ocrx_word' id='word_1_82' title='bbox 1589 1576 1665 1632; x_wconf 88' lang='lat' dir='ltr'><strong>et</strong></span> <span class='ocrx_word' id='word_1_83' title='bbox 1700 1557 1966 1633; x_wconf 86' lang='lat' dir='ltr'><strong>morali</strong></span> <span class='ocrx_word' id='word_1_84' title='bbox 2005 1557 2234 1632; x_wconf 81' lang='lat' dir='ltr'><strong>relate</strong></span> <span class='ocrx_word' id='word_1_85' title='bbox 2279 1560 2374 1632; x_wconf 86' lang='lat' dir='ltr'><strong>ad</strong></span> <span class='ocrx_word' id='word_1_86' title='bbox 2402 1563 2646 1633; x_wconf 89' lang='lat' dir='ltr'><strong>Deum</strong></span> 
     </span>
     <span class='ocr_line' id='line_1_13' title="bbox 554 1661 2646 1762; baseline -0 -25"><span class='ocrx_word' id='word_1_87' title='bbox 554 1678 765 1738; x_wconf 81' lang='lat' dir='ltr'><strong>recte</strong></span> <span class='ocrx_word' id='word_1_88' title='bbox 802 1663 1183 1761; x_wconf 84' lang='lat' dir='ltr'><strong>judicare,</strong></span> <span class='ocrx_word' id='word_1_89' title='bbox 1237 1666 1433 1739; x_wconf 84' lang='lat' dir='ltr'><strong>entia</strong></span> <span class='ocrx_word' id='word_1_90' title='bbox 1477 1661 1809 1761; x_wconf 87' lang='lat' dir='ltr'><strong>reliqua,</strong></span> <span class='ocrx_word' id='word_1_91' title='bbox 1861 1663 2207 1762; x_wconf 84' lang='lat' dir='ltr'><strong>inprimis</strong></span> <span class='ocrx_word' id='word_1_92' title='bbox 2250 1663 2646 1756; x_wconf 86' lang='lat' dir='ltr'><strong>homines,</strong></span> 
     </span>
     <span class='ocr_line' id='line_1_14' title="bbox 549 1767 2651 1867; baseline 0 -29"><span class='ocrx_word' id='word_1_93' title='bbox 549 1780 883 1865; x_wconf 78' lang='lat' dir='ltr'><strong>propter·</strong></span> <span class='ocrx_word' id='word_1_94' title='bbox 916 1768 1167 1841; x_wconf 81' lang='lat' dir='ltr'><strong>Deum</strong></span> <span class='ocrx_word' id='word_1_95' title='bbox 1210 1770 1351 1842; x_wconf 89' lang='lat' dir='ltr'><strong>rite</strong></span> <span class='ocrx_word' id='word_1_96' title='bbox 1393 1768 1826 1858; x_wconf 87' lang='lat' dir='ltr'><strong>aestimare,</strong></span> <span class='ocrx_word' id='word_1_97' title='bbox 1896 1783 1969 1840; x_wconf 90' lang='lat' dir='ltr'><strong>et</strong></span> <span class='ocrx_word' id='word_1_98' title='bbox 2011 1767 2279 1840; x_wconf 88' lang='lat' dir='ltr'><strong>horum</strong></span> <span class='ocrx_word' id='word_1_99' title='bbox 2329 1768 2651 1867; x_wconf 85' lang='lat' dir='ltr'><strong>dignita-</strong></span> 
     </span>
    </p>

    <p class='ocr_par' dir='ltr' id='par_1_4' title="bbox 555 1872 2674 2493">
     <span class='ocr_line' id='line_1_15' title="bbox 556 1872 2650 1971; baseline -0.001 -27"><span class='ocrx_word' id='word_1_100' title='bbox 556 1885 715 1944; x_wconf 86' lang='lat' dir='ltr'><strong>tem</strong></span> <span class='ocrx_word' id='word_1_101' title='bbox 752 1894 847 1943; x_wconf 84' lang='lat' dir='ltr'><strong>ex</strong></span> <span class='ocrx_word' id='word_1_102' title='bbox 881 1878 1322 1947; x_wconf 78' lang='lat' dir='ltr'><strong>reverentia</strong></span> <span class='ocrx_word' id='word_1_103' title='bbox 1364 1897 1789 1971; x_wconf 75' lang='lat' dir='ltr'><strong>amoreque</strong></span> <span class='ocrx_word' id='word_1_104' title='bbox 1832 1896 2030 1969; x_wconf 82' lang='lat' dir='ltr'><strong>erga</strong></span> <span class='ocrx_word' id='word_1_105' title='bbox 2070 1872 2319 1944; x_wconf 81' lang='lat' dir='ltr'><strong>Deum</strong></span> <span class='ocrx_word' id='word_1_106' title='bbox 2359 1890 2521 1945; x_wconf 88' lang='lat' dir='ltr'><strong>tum</strong></span> <span class='ocrx_word' id='word_1_107' title='bbox 2571 1873 2650 1942; x_wconf 88' lang='lat' dir='ltr'><strong>in</strong></span> 
     </span>
     <span class='ocr_line' id='line_1_16' title="bbox 555 1974 2674 2074; baseline -0 -26"><span class='ocrx_word' id='word_1_108' title='bbox 555 1989 676 2069; x_wconf 85' lang='lat' dir='ltr'><strong>te,</strong></span> <span class='ocrx_word' id='word_1_109' title='bbox 730 1989 886 2047; x_wconf 88' lang='lat' dir='ltr'><strong>tum</strong></span> <span class='ocrx_word' id='word_1_110' title='bbox 927 1975 1008 2047; x_wconf 90' lang='lat' dir='ltr'><strong>in</strong></span> <span class='ocrx_word' id='word_1_111' title='bbox 1050 1974 1217 2050; x_wconf 86' lang='lat' dir='ltr'><strong>aliis</strong></span> <span class='ocrx_word' id='word_1_112' title='bbox 1259 1999 1556 2051; x_wconf 86' lang='lat' dir='ltr'><strong>servare</strong></span> <span class='ocrx_word' id='word_1_113' title='bbox 1594 2002 1680 2050; x_wconf 85' lang='lat' dir='ltr'><strong>ac</strong></span> <span class='ocrx_word' id='word_1_114' title='bbox 1721 2000 2211 2074; x_wconf 81' lang='lat' dir='ltr'><strong>promovere3</strong></span> <span class='ocrx_word' id='word_1_115' title='bbox 2275 1992 2503 2074; x_wconf 90' lang='lat' dir='ltr'><strong>atque</strong></span> <span class='ocrx_word' id='word_1_116' title='bbox 2548 1976 2674 2047; x_wconf 39' lang='lat' dir='ltr'><strong>itax</strong></span> 
     </span>
     <span class='ocr_line' id='line_1_17' title="bbox 557 2076 2649 2179; baseline -0 -28"><span class='ocrx_word' id='word_1_117' title='bbox 557 2076 811 2151; x_wconf 83' lang='lat' dir='ltr'><strong>Deum</strong></span> <span class='ocrx_word' id='word_1_118' title='bbox 831 2081 909 2150; x_wconf 82' lang='lat' dir='ltr'><strong>in</strong></span> <span class='ocrx_word' id='word_1_119' title='bbox 938 2086 1326 2154; x_wconf 77' lang='lat' dir='ltr'><strong>creaturis</strong></span> <span class='ocrx_word' id='word_1_120' title='bbox 1350 2082 1688 2154; x_wconf 87' lang='lat' dir='ltr'><strong>venerari</strong></span> <span class='ocrx_word' id='word_1_121' title='bbox 1736 2076 2297 2179; x_wconf 88' lang='lat' dir='ltr'><strong>glorificareque</strong></span> <span class='ocrx_word' id='word_1_122' title='bbox 2336 2095 2410 2153; x_wconf 90' lang='lat' dir='ltr'><strong>et</strong></span> <span class='ocrx_word' id='word_1_123' title='bbox 2450 2105 2649 2151; x_wconf 87' lang='lat' dir='ltr'><strong>ama-</strong></span> 
     </span>
     <span class='ocr_line' id='line_1_18' title="bbox 556 2182 2650 2281; baseline 0 -25"><span class='ocrx_word' id='word_1_124' title='bbox 556 2206 642 2256; x_wconf 85' lang='lat' dir='ltr'><strong>re</strong></span> <span class='ocrx_word' id='word_1_125' title='bbox 685 2207 1066 2281; x_wconf 86' lang='lat' dir='ltr'><strong>nunquam</strong></span> <span class='ocrx_word' id='word_1_126' title='bbox 1106 2209 1261 2258; x_wconf 90' lang='lat' dir='ltr'><strong>non</strong></span> <span class='ocrx_word' id='word_1_127' title='bbox 1304 2201 1656 2279; x_wconf 84' lang='lat' dir='ltr'><strong>conator‚</strong></span> <span class='ocrx_word' id='word_1_128' title='bbox 1701 2184 1844 2276; x_wconf 85' lang='lat' dir='ltr'><strong>ita,</strong></span> <span class='ocrx_word' id='word_1_129' title='bbox 1886 2198 1964 2264; x_wconf 87' lang='lat' dir='ltr'><strong>ut</strong></span> <span class='ocrx_word' id='word_1_130' title='bbox 2005 2184 2246 2255; x_wconf 89' lang='lat' dir='ltr'><strong>omnis</strong></span> <span class='ocrx_word' id='word_1_131' title='bbox 2300 2202 2421 2258; x_wconf 88' lang='lat' dir='ltr'><strong>tua</strong></span> <span class='ocrx_word' id='word_1_132' title='bbox 2474 2182 2650 2256; x_wconf 87' lang='lat' dir='ltr'><strong>affe·</strong></span> 
     </span>
     <span class='ocr_line' id='line_1_19' title="bbox 559 2285 2650 2385; baseline 0.001 -28"><span class='ocrx_word' id='word_1_133' title='bbox 559 2285 713 2358; x_wconf 87' lang='lat' dir='ltr'><strong>ctio</strong></span> <span class='ocrx_word' id='word_1_134' title='bbox 767 2287 1115 2385; x_wconf 80' lang='lat' dir='ltr'><strong>actioque</strong></span> <span class='ocrx_word' id='word_1_135' title='bbox 1183 2313 1338 2361; x_wconf 87' lang='lat' dir='ltr'><strong>non</strong></span> <span class='ocrx_word' id='word_1_136' title='bbox 1399 2286 1644 2360; x_wconf 87' lang='lat' dir='ltr'><strong>solum</strong></span> <span class='ocrx_word' id='word_1_137' title='bbox 1711 2285 2147 2366; x_wconf 83' lang='lat' dir='ltr'><strong>naturaliter</strong></span> <span class='ocrx_word' id='word_1_138' title='bbox 2200 2286 2439 2381; x_wconf 84' lang='lat' dir='ltr'><strong>bona,</strong></span> <span class='ocrx_word' id='word_1_139' title='bbox 2512 2287 2650 2361; x_wconf 88' lang='lat' dir='ltr'><strong>sed</strong></span> 
     </span>
     <span class='ocr_line' id='line_1_20' title="bbox 556 2387 2507 2493; baseline 0.001 -29"><span class='ocrx_word' id='word_1_140' title='bbox 556 2387 945 2466; x_wconf 85' lang='lat' dir='ltr'><strong>moraliter</strong></span> <span class='ocrx_word' id='word_1_141' title='bbox 980 2406 1227 2486; x_wconf 86' lang='lat' dir='ltr'><strong>recta,</strong></span> <span class='ocrx_word' id='word_1_142' title='bbox 1281 2407 1500 2493; x_wconf 88' lang='lat' dir='ltr'><strong>atque</strong></span> <span class='ocrx_word' id='word_1_143' title='bbox 1543 2391 1778 2481; x_wconf 70' lang='lat' dir='ltr'><strong>etiam</strong></span> <span class='ocrx_word' id='word_1_144' title='bbox 1805 2394 2176 2492; x_wconf 78' lang='lat' dir='ltr'><strong>religiosa</strong></span> <span class='ocrx_word' id='word_1_145' title='bbox 2211 2396 2507 2468; x_wconf 81' lang='lat' dir='ltr'><strong>existat.</strong></span> 
     </span>
    </p>
   </div>
   <div class='ocr_carea' id='block_1_3' title="bbox 1472 2582 1794 2669">
    <p class='ocr_par' dir='ltr' id='par_1_5' title="bbox 1472 2582 1794 2669">
     <span class='ocr_line' id='line_1_21' title="bbox 1472 2582 1794 2669; baseline 0.006 -23"><span class='ocrx_word' id='word_1_146' title='bbox 1472 2582 1532 2661; x_wconf 86' lang='lat'><strong>§.</strong></span> <span class='ocrx_word' id='word_1_147' title='bbox 1577 2603 1726 2669; x_wconf 85' lang='lat'><strong>79¹·</strong></span> <span class='ocrx_word' id='word_1_148' title='bbox 1791 2610 1794 2615; x_wconf 92' lang='lat'><em>·</em></span> 
     </span>
    </p>
   </div>
   <div class='ocr_carea' id='block_1_4' title="bbox 674 2705 2527 2799">
    <p class='ocr_par' dir='ltr' id='par_1_6' title="bbox 674 2705 2527 2799">
     <span class='ocr_line' id='line_1_22' title="bbox 674 2705 2527 2799; baseline 0 -29"><span class='ocrx_word' id='word_1_149' title='bbox 674 2705 747 2794; x_wconf 73' lang='grc'><strong>4)</strong></span> <span class='ocrx_word' id='word_1_150' title='bbox 791 2706 904 2770; x_wconf 80' lang='lat' dir='ltr'><strong>De</strong></span> <span class='ocrx_word' id='word_1_151' title='bbox 939 2709 1180 2774; x_wconf 78' lang='lat' dir='ltr'><strong>ordine</strong></span> <span class='ocrx_word' id='word_1_152' title='bbox 1217 2711 1611 2799; x_wconf 60' lang='lat' dir='ltr'><strong>‹fiio-iorum</strong></span> <span class='ocrx_word' id='word_1_153' title='bbox 1647 2727 1815 2793; x_wconf 83' lang='lat' dir='ltr'><strong>erga</strong></span> <span class='ocrx_word' id='word_1_154' title='bbox 1848 2729 1924 2772; x_wconf 83' lang='lat' dir='ltr'><strong>se</strong></span> <span class='ocrx_word' id='word_1_155' title='bbox 1952 2709 2208 2796; x_wconf 82' lang='lat' dir='ltr'><strong>ipsum</strong></span> <span class='ocrx_word' id='word_1_156' title='bbox 2204 2721 2287 2773; x_wconf 83' lang='lat' dir='ltr'><strong>et</strong></span> <span class='ocrx_word' id='word_1_157' title='bbox 2315 2706 2527 2775; x_wconf 83' lang='lat' dir='ltr'><strong>alios.</strong></span> 
     </span>
    </p>
   </div>
   <div class='ocr_carea' id='block_1_5' title="bbox 493 2865 2647 4125">
    <p class='ocr_par' dir='ltr' id='par_1_7' title="bbox 553 2865 2647 3046">
     <span class='ocr_line' id='line_1_23' title="bbox 757 2865 2647 2969; baseline -0.003 -25"><span class='ocrx_word' id='word_1_158' title='bbox 757 2866 875 2944; x_wconf 87' lang='lat' dir='ltr'><strong>De</strong></span> <span class='ocrx_word' id='word_1_159' title='bbox 909 2866 1186 2942; x_wconf 80' lang='lat' dir='ltr'><strong>ordine</strong></span> <span class='ocrx_word' id='word_1_160' title='bbox 1225 2865 1661 2966; x_wconf 80' lang='lat' dir='ltr'><strong>officiorum</strong></span> <span class='ocrx_word' id='word_1_161' title='bbox 1695 2892 1891 2969; x_wconf 77' lang='lat' dir='ltr'><strong>erga</strong></span> <span class='ocrx_word' id='word_1_162' title='bbox 1931 2891 2011 2940; x_wconf 84' lang='lat' dir='ltr'><strong>se</strong></span> <span class='ocrx_word' id='word_1_163' title='bbox 2050 2871 2293 2967; x_wconf 81' lang='lat' dir='ltr'><strong>ipsum</strong></span> <span class='ocrx_word' id='word_1_164' title='bbox 2335 2883 2414 2942; x_wconf 85' lang='lat' dir='ltr'><strong>et</strong></span> <span class='ocrx_word' id='word_1_165' title='bbox 2449 2869 2647 2942; x_wconf 74' lang='lat' dir='ltr'><strong>alios</strong></span> 
     </span>
     <span class='ocr_line' id='line_1_24' title="bbox 553 2969 1385 3052; baseline 0 -7"><span class='ocrx_word' id='word_1_166' title='bbox 553 2969 640 3045; x_wconf 81' lang='lat' dir='ltr'><strong>hi</strong></span> <span class='ocrx_word' id='word_1_167' title='bbox 667 2971 978 3046; x_wconf 84' lang='lat' dir='ltr'><strong>notandi</strong></span> <span class='ocrx_word' id='word_1_168' title='bbox 1018 2995 1385 3052; x_wconf 78' lang='lat' dir='ltr'><strong>canones·</strong></span> 
     </span>
    </p>

    <p class='ocr_par' dir='ltr' id='par_1_8' title="bbox 493 3073 2640 3694">
     <span class='ocr_line' id='line_1_25' title="bbox 761 3073 2640 3176; baseline -0.001 -27"><span class='ocrx_word' id='word_1_169' title='bbox 761 3075 827 3174; x_wconf 88' lang='grc' dir='ltr'><strong>Ι)</strong></span> <span class='ocrx_word' id='word_1_170' title='bbox 880 3076 986 3148; x_wconf 92' lang='lat' dir='ltr'><strong>Ut</strong></span> <span class='ocrx_word' id='word_1_171' title='bbox 1017 3093 1227 3150; x_wconf 90' lang='lat' dir='ltr'><strong>recto</strong></span> <span class='ocrx_word' id='word_1_172' title='bbox 1269 3076 1536 3150; x_wconf 83' lang='lat' dir='ltr'><strong>ordine</strong></span> <span class='ocrx_word' id='word_1_173' title='bbox 1577 3074 1814 3149; x_wconf 88' lang='lat' dir='ltr'><strong>officia</strong></span> <span class='ocrx_word' id='word_1_174' title='bbox 1857 3098 2023 3173; x_wconf 88' lang='lat' dir='ltr'><strong>erga</strong></span> <span class='ocrx_word' id='word_1_175' title='bbox 2063 3087 2136 3146; x_wconf 88' lang='lat' dir='ltr'><strong>te</strong></span> <span class='ocrx_word' id='word_1_176' title='bbox 2181 3091 2254 3148; x_wconf 87' lang='lat' dir='ltr'><strong>et</strong></span> <span class='ocrx_word' id='word_1_177' title='bbox 2289 3073 2474 3176; x_wconf 84' lang='lat' dir='ltr'><strong>alios</strong></span> <span class='ocrx_word' id='word_1_178' title='bbox 2518 3099 2640 3148; x_wconf 91' lang='lat' dir='ltr'><strong>co-</strong></span> 
     </span>
     <span class='ocr_line' id='line_1_26' title="bbox 553 3175 2640 3278; baseline 0.001 -29"><span class='ocrx_word' id='word_1_179' title='bbox 553 3175 703 3273; x_wconf 89' lang='lat' dir='ltr'><strong>las,</strong></span> <span class='ocrx_word' id='word_1_180' title='bbox 729 3206 784 3253; x_wconf 84' lang='lat' dir='ltr'><em>a</em></span> <span class='ocrx_word' id='word_1_181' title='bbox 816 3193 893 3252; x_wconf 85' lang='lat' dir='ltr'><strong>te</strong></span> <span class='ocrx_word' id='word_1_182' title='bbox 926 3180 1085 3276; x_wconf 79' lang='lat' dir='ltr'><strong>ipso</strong></span> <span class='ocrx_word' id='word_1_183' title='bbox 1120 3180 1525 3273; x_wconf 78' lang='lat' dir='ltr'><strong>exordire,</strong></span> <span class='ocrx_word' id='word_1_184' title='bbox 1569 3197 1641 3253; x_wconf 89' lang='lat' dir='ltr'><strong>te</strong></span> <span class='ocrx_word' id='word_1_185' title='bbox 1672 3181 1942 3278; x_wconf 90' lang='lat' dir='ltr'><strong>ipsum,</strong></span> <span class='ocrx_word' id='word_1_186' title='bbox 1986 3179 2329 3278; x_wconf 86' lang='lat' dir='ltr'><strong>inprimis</strong></span> <span class='ocrx_word' id='word_1_187' title='bbox 2365 3182 2640 3277; x_wconf 91' lang='lat' dir='ltr'><strong>imper-</strong></span> 
     </span>
     <span class='ocr_line' id='line_1_27' title="bbox 536 3281 2639 3386; baseline -0.001 -30"><span class='ocrx_word' id='word_1_188' title='bbox 536 3282 961 3356; x_wconf 70' lang='lat' dir='ltr'><strong>fectionem</strong></span> <span class='ocrx_word' id='word_1_189' title='bbox 1000 3297 1203 3356; x_wconf 88' lang='lat' dir='ltr'><strong>tuam</strong></span> <span class='ocrx_word' id='word_1_190' title='bbox 1243 3308 1693 3386; x_wconf 89' lang='lat' dir='ltr'><strong>pernoscere</strong></span> <span class='ocrx_word' id='word_1_191' title='bbox 1733 3281 1992 3375; x_wconf 88' lang='lat' dir='ltr'><strong>stude,</strong></span> <span class='ocrx_word' id='word_1_192' title='bbox 2045 3282 2252 3382; x_wconf 90' lang='lat' dir='ltr'><strong>prius</strong></span> <span class='ocrx_word' id='word_1_193' title='bbox 2295 3302 2366 3357; x_wconf 92' lang='lat' dir='ltr'><strong>te</strong></span> <span class='ocrx_word' id='word_1_194' title='bbox 2404 3285 2639 3356; x_wconf 90' lang='lat' dir='ltr'><strong>refor-</strong></span> 
     </span>
     <span class='ocr_line' id='line_1_28' title="bbox 553 3385 2639 3488; baseline 0 -30"><span class='ocrx_word' id='word_1_195' title='bbox 553 3409 767 3458; x_wconf 87' lang='lat' dir='ltr'><strong>mare</strong></span> <span class='ocrx_word' id='word_1_196' title='bbox 809 3388 1059 3486; x_wconf 88' lang='lat' dir='ltr'><strong>incipe</strong></span> <span class='ocrx_word' id='word_1_197' title='bbox 1103 3388 1184 3459; x_wconf 88' lang='lat' dir='ltr'><strong>in</strong></span> <span class='ocrx_word' id='word_1_198' title='bbox 1225 3388 1491 3488; x_wconf 89' lang='lat' dir='ltr'><strong>quovis</strong></span> <span class='ocrx_word' id='word_1_199' title='bbox 1531 3412 1800 3487; x_wconf 86' lang='lat' dir='ltr'><strong>genere</strong></span> <span class='ocrx_word' id='word_1_200' title='bbox 1838 3385 2213 3477; x_wconf 75' lang='lat' dir='ltr'><strong>culturae,</strong></span> <span class='ocrx_word' id='word_1_201' title='bbox 2281 3413 2504 3486; x_wconf 87' lang='lat' dir='ltr'><strong>quam</strong></span> <span class='ocrx_word' id='word_1_202' title='bbox 2545 3386 2639 3459; x_wconf 89' lang='lat' dir='ltr'><strong>ad</strong></span> 
     </span>
     <span class='ocr_line' id='line_1_29' title="bbox 555 3488 2639 3592; baseline 0.001 -30"><span class='ocrx_word' id='word_1_203' title='bbox 555 3489 742 3563; x_wconf 89' lang='lat' dir='ltr'><strong>alios</strong></span> <span class='ocrx_word' id='word_1_204' title='bbox 794 3490 873 3563; x_wconf 90' lang='lat' dir='ltr'><strong>in</strong></span> <span class='ocrx_word' id='word_1_205' title='bbox 929 3489 1196 3563; x_wconf 90' lang='lat' dir='ltr'><strong>eodem</strong></span> <span class='ocrx_word' id='word_1_206' title='bbox 1244 3518 1514 3592; x_wconf 87' lang='lat' dir='ltr'><strong>genere</strong></span> <span class='ocrx_word' id='word_1_207' title='bbox 1572 3488 2024 3566; x_wconf 83' lang='lat' dir='ltr'><strong>excolendos</strong></span> <span class='ocrx_word' id='word_1_208' title='bbox 2072 3491 2401 3564; x_wconf 88' lang='lat' dir='ltr'><strong>animum</strong></span> <span class='ocrx_word' id='word_1_209' title='bbox 2458 3516 2639 3590; x_wconf 89' lang='lat' dir='ltr'><strong>ope-</strong></span> 
     </span>
     <span class='ocr_line' id='line_1_30' title="bbox 493 3595 1453 3694; baseline 0.004 -27"><span class='ocrx_word' id='word_1_210' title='bbox 493 3595 515 3619; x_wconf 50' lang='lat'><strong><em>*</em></strong></span> <span class='ocrx_word' id='word_1_211' title='bbox 552 3619 864 3694; x_wconf 86' lang='lat' dir='ltr'><strong>ramque</strong></span> <span class='ocrx_word' id='word_1_212' title='bbox 908 3611 1305 3670; x_wconf 86' lang='lat' dir='ltr'><strong>convertas</strong></span> <span class='ocrx_word' id='word_1_213' title='bbox 1346 3597 1453 3688; x_wconf 68' lang='lat'><strong>²¹¹³).</strong></span> 
     </span>
    </p>

    <p class='ocr_par' dir='ltr' id='par_1_9' title="bbox 545 3695 2638 4125">
     <span class='ocr_line' id='line_1_31' title="bbox 759 3695 2638 3799; baseline 0 -27"><span class='ocrx_word' id='word_1_214' title='bbox 759 3698 861 3797; x_wconf 90' lang='grc' dir='ltr'><strong>ΙΙ)</strong></span> <span class='ocrx_word' id='word_1_215' title='bbox 915 3701 998 3771; x_wconf 93' lang='lat' dir='ltr'><strong>In</strong></span> <span class='ocrx_word' id='word_1_216' title='bbox 1044 3716 1136 3772; x_wconf 90' lang='lat' dir='ltr'><strong>te</strong></span> <span class='ocrx_word' id='word_1_217' title='bbox 1162 3700 1326 3799; x_wconf 89' lang='lat' dir='ltr'><strong>ipso</strong></span> <span class='ocrx_word' id='word_1_218' title='bbox 1379 3717 1454 3774; x_wconf 88' lang='lat' dir='ltr'><strong>et</strong></span> <span class='ocrx_word' id='word_1_219' title='bbox 1495 3698 1574 3773; x_wconf 89' lang='lat' dir='ltr'><strong>in</strong></span> <span class='ocrx_word' id='word_1_220' title='bbox 1620 3695 1783 3772; x_wconf 85' lang='lat' dir='ltr'><strong>aliis</strong></span> <span class='ocrx_word' id='word_1_221' title='bbox 1831 3699 2362 3793; x_wconf 83' lang='lat' dir='ltr'><strong>emendandis,</strong></span> <span class='ocrx_word' id='word_1_222' title='bbox 2417 3702 2638 3798; x_wconf 84' lang='lat' dir='ltr'><strong>perfi·</strong></span> 
     </span>
     <span class='ocr_line' id='line_1_32' title="bbox 555 3801 2635 3905; baseline 0 -29"><span class='ocrx_word' id='word_1_223' title='bbox 555 3801 885 3894; x_wconf 90' lang='lat' dir='ltr'><strong>ciendis,</strong></span> <span class='ocrx_word' id='word_1_224' title='bbox 938 3828 1236 3903; x_wconf 89' lang='lat' dir='ltr'><strong>semper</strong></span> <span class='ocrx_word' id='word_1_225' title='bbox 1275 3808 1479 3875; x_wconf 73' lang='lat' dir='ltr'><strong>intus</strong></span> <span class='ocrx_word' id='word_1_226' title='bbox 1521 3803 1810 3902; x_wconf 81' lang='lat' dir='ltr'><strong>incipe3</strong></span> <span class='ocrx_word' id='word_1_227' title='bbox 1878 3802 1968 3875; x_wconf 82' lang='lat' dir='ltr'><strong>ab</strong></span> <span class='ocrx_word' id='word_1_228' title='bbox 2012 3801 2486 3905; x_wconf 85' lang='lat' dir='ltr'><strong>intelligendi</strong></span> <span class='ocrx_word' id='word_1_229' title='bbox 2537 3805 2635 3876; x_wconf 87' lang='lat' dir='ltr'><strong>fa-</strong></span> 
     </span>
     <span class='ocr_line' id='line_1_33' title="bbox 554 3902 2629 4017; baseline 0.002 -40"><span class='ocrx_word' id='word_1_230' title='bbox 554 3905 832 3982; x_wconf 86' lang='lat' dir='ltr'><strong>cultate</strong></span> <span class='ocrx_word' id='word_1_231' title='bbox 875 3906 980 3980; x_wconf 91' lang='lat' dir='ltr'><strong>ad</strong></span> <span class='ocrx_word' id='word_1_232' title='bbox 1007 3907 1375 3982; x_wconf 86' lang='lat' dir='ltr'><strong>sensionis</strong></span> <span class='ocrx_word' id='word_1_233' title='bbox 1414 3924 1488 3984; x_wconf 87' lang='lat' dir='ltr'><strong>et</strong></span> <span class='ocrx_word' id='word_1_234' title='bbox 1524 3907 1933 4007; x_wconf 87' lang='lat' dir='ltr'><strong>appetendi</strong></span> <span class='ocrx_word' id='word_1_235' title='bbox 1966 3902 2434 4017; x_wconf 83' lang='lat' dir='ltr'><strong>facultatem,</strong></span> <span class='ocrx_word' id='word_1_236' title='bbox 2478 3924 2629 3983; x_wconf 87' lang='lat' dir='ltr'><strong>tum</strong></span> 
     </span>
     <span class='ocr_line' id='line_1_34' title="bbox 545 4090 1124 4125; baseline 0 0"><span class='ocrx_word' id='word_1_237' title='bbox 545 4090 1124 4125; x_wconf 48' lang='lat' dir='ltr'>tb-——-——--n</span> 
     </span>
    </p>
   </div>
   <div class='ocr_carea' id='block_1_6' title="bbox 631 4146 2164 4268">
    <p class='ocr_par' dir='ltr' id='par_1_10' title="bbox 631 4146 2164 4268">
     <span class='ocr_line' id='line_1_35' title="bbox 631 4146 2164 4268; baseline 0.004 -28"><span class='ocrx_word' id='word_1_238' title='bbox 631 4165 702 4256; x_wconf 64' lang='grc' dir='ltr'><strong>ἷῦ)</strong></span> <span class='ocrx_word' id='word_1_239' title='bbox 748 4176 851 4240; x_wconf 83' lang='lat' dir='ltr'><strong>cf.</strong></span> <span class='ocrx_word' id='word_1_240' title='bbox 887 4178 969 4238; x_wconf 79' lang='lat' dir='ltr'><strong>B.</strong></span> <span class='ocrx_word' id='word_1_241' title='bbox 1009 4160 1301 4244; x_wconf 51' lang='lat' dir='ltr'><strong>Slaftler</strong></span> <span class='ocrx_word' id='word_1_242' title='bbox 1331 4179 1376 4244; x_wconf 90' lang='grc'><strong>1.</strong></span> <span class='ocrx_word' id='word_1_243' title='bbox 1416 4201 1476 4245; x_wconf 86' lang='lat' dir='ltr'><strong>c.</strong></span> <span class='ocrx_word' id='word_1_244' title='bbox 1514 4177 1885 4266; x_wconf 43' lang='grc'><strong>91955-</strong></span> <span class='ocrx_word' id='word_1_245' title='bbox 1911 4146 2091 4268; x_wconf 74' lang='grc'><strong>1909.</strong></span> <span class='ocrx_word' id='word_1_246' title='bbox 2161 4228 2164 4233; x_wconf 63' lang='grc'><strong><em>«</em></strong></span> 
     </span>
    </p>
   </div>
  </div>
 </body>
</html>
