2846 4770
568 416 700 487 506
711 419 824 483 Do
840 419 1086 483 christ.
1104 404 1299 482 virtu
1305 427 1357 480 t.
1365 414 1908 502 perfectioni-squ
1914 435 1958 477 ο-
1971 412 2332 481 substatia.
2353 411 2540 485 Soet.
2559 415 2656 480 ΙΙ.

575 589 731 667 nali
782 617 871 665 ac
920 587 1223 664 salutari
1290 589 1742 690 cognitioni,
1815 614 1948 662 seu
2000 586 2275 661 rationi
2329 587 2657 688 fideique

570 695 831 771 innixa
881 721 1168 768 summa
1221 694 1447 786 recti,
1515 693 1852 785 honesti,
1905 691 2200 765 virtutis
2255 692 2655 793 perfectio·

571 801 841 899 nisque
873 796 1320 872 christianae
1357 800 1798 887 aestimatio,
1842 823 2030 895 quae
2066 811 2140 867 et
2179 795 2513 869 vividam
2547 825 2656 871 er-

574 930 664 1005 ga
694 902 975 977 bonum
1008 900 1283 987 morale
1312 906 1739 975 sensionem
1771 901 2383 998 affectionemque
2421 903 2656 974 conti·

459 1025 467 1039 ·
569 1022 748 1082 neat
782 1006 1214 1104 foveatque,
1284 1021 1358 1079 et
1407 1009 1561 1105 ejus
1602 1031 1782 1106 prae
1824 1004 2174 1078 omnibus
2224 1004 2444 1077 bonis
2493 1005 2653 1078 aliis

569 1111 1059 1186 consectandi
1110 1111 1581 1210 propositum
1629 1109 2484 1209 studiumque=imperet
2540 1137 2654 1182 ur-

570 1231 929 1317 geatque,
1008 1230 1227 1312 atque
1298 1212 1520 1287 simul
1592 1236 1957 1287 summam
2026 1213 2168 1286 Dei
2237 1217 2657 1287 veneratio·

455 1345 462 1354 ·
566 1346 748 1394 nem
804 1337 881 1393 et
928 1316 1168 1391 zelum
1223 1318 1444 1392 etiam
1500 1316 1933 1417 religiosum
1986 1314 2102 1416 (§.
2149 1321 2659 1408 244—246.)

572 1423 719 1496 sibi
772 1422 1231 1496 adsociatum
1282 1419 1556 1495 habeat
1573 1449 1598 1517 3
1673 1426 1743 1512 2)
1801 1418 2038 1520 qualis
2091 1438 2335 1495 autem
2380 1423 2481 1495 sit
2527 1421 2654 1493 ille

418 1521 435 1547 ⁸
549 1526 847 1628 fervor
867 1550 968 1598 ac
989 1527 1200 1598 zelus
1220 1528 1561 1617 moralis,
1608 1551 1826 1624 supra
1857 1524 1953 1625 (§.
1986 1525 2153 1603 155.
2180 1543 2253 1598 et
2279 1529 2483 1615 246.)
2509 1529 2656 1625 jam

571 1626 1171 1704 observavimusz
1223 1629 1348 1705 ille
1392 1630 1746 1702 nimirum
1792 1626 1860 1725 a)
1910 1631 2221 1701 rationis
2261 1629 2657 1729 evangelii-

571 1759 717 1834 que
755 1748 832 1806 et
857 1732 1303 1834 prudentiae
1330 1731 1608 1833 regulis
1644 1758 2099 1832 congruens3
2139 1731 2221 1831 Β)
2252 1733 2466 1807 fortis
2498 1735 2656 1833 qui·
2694 1814 2697 1819 ,

568 1836 744 1911 dem
788 1861 873 1909 ac
914 1860 1354 1939 generosus3
1411 1853 1500 1910 ·et
1536 1843 1613 1930 c)
1657 1836 1919 1911 efficax
1956 1852 2495 1936 constansquez
2556 1855 2658 1910 at-

565 1959 819 2017 tamen
849 1941 923 2031 d)
949 1943 1351 2041 praecipua
1390 1939 1696 2016 lenitate
1724 1941 2229 2039 charitateque
2259 1942 2533 2041 plenus
2561 1943 2655 2014 sit

565 2060 906 2146 oportet3
974 2070 1150 2118 nam
1201 2045 1286 2143 3)
1341 2045 1636 2119 virtutis
1704 2046 2138 2119 exercitatio
2195 2044 2265 2141 a)
2320 2046 2653 2119 animum

563 2163 948 2223 strenuum
972 2204 995 2240 ,
1068 2146 1383 2222 hilarem
1459 2151 1879 2246 fortemque
1957 2151 2221 2248 exigit3
2294 2148 2654 2251 jubetque

560 2250 649 2342 h)
708 2278 1128 2326 assuescere
1183 2253 1731 2344 incommodiS,
1809 2254 2245 2326 desuescere
2320 2279 2653 2333 commo-

565 2356 718 2430 dis:
788 2357 868 2429 id
919 2356 1121 2454 quod
1173 2383 1311 2459 per
1354 2355 1835 2434 christianam
1880 2358 2241 2458 consequi
2292 2356 2477 2432 licet
2533 2355 2654 2431 ab·

560 2461 1062 2561 negationem»
2615 2452 2623 2470 ’

647 2631 715 2721 ¹¹¹)
761 2633 976 2699 Porro
1029 2634 1088 2720 ι)
1134 2633 1310 2699 haud
1352 2632 1709 2698 timendum
1753 2648 1889 2712 est,
1945 2655 2032 2699 ne
2077 2656 2198 2719 per
2238 2634 2413 2700 hunc
2458 2629 2657 2698 animi

727 2720 1101 2798 fervorem,
1138 2723 1252 2807 qui
1287 2721 1526 2783 rationi
1562 2721 1862 2784 innititur
1896 2736 1963 2785 et
1996 2722 2491 2799 subordinatur,
2527 2723 2660 2787 vir-

729 2811 888 2873 tutis
940 2809 1207 2894 puritati
1251 2808 1578 2893 quidpiam
1639 2808 2014 2874 detrahatur
2061 2809 2168 2894 (cf.
2215 2808 2275 2895 §.
2321 2809 2430 2873 81.
2478 2831 2546 2871 n.
2595 2805 2654 2895 ᾗ.

729 2903 874 2971 144.
918 2917 987 2960 ιι.
1039 2893 1143 2975 1.).
1213 2897 1350 2957 Imo
1412 2899 1477 2981 2)
1529 2913 1655 2958 nec
1711 2895 2007 2980 perfecta
2063 2897 2268 2959 virtus
2325 2896 2454 2957 hoc
2513 2896 2653 2957 sine

734 2982 1040 3044 rationali
1083 2979 1352 3046 fervore
1415 2982 1776 3046 consistere
1823 2996 2061 3066 potest.
2126 2982 2293 3045 Saue
2339 2981 2404 3063 5)
2454 2980 2653 3045 talem

734 3069 948 3130 zelum
975 3068 1288 3140 ,Christus
1321 3069 1676 3143 Dominus,
1724 3067 2040 3151 apostoli,
2089 3089 2161 3132 ac
2202 3089 2428 3130 omnes
2470 3068 2652 3129 Chri·

733 3154 817 3215 sti
855 3155 1086 3237 spiritu
1121 3155 1360 3238 repleti
1397 3153 1692 3217 homines
1726 3176 2049 3239 nunquam
2084 3177 2212 3217 non
2251 3175 2407 3239 prae
2449 3176 2522 3217 se
2560 3152 2654 3217 fe·

727 3240 979 3304 rebant.
1025 3241 1090 3320 4)
1125 3240 1398 3303 Etiamsi
1430 3240 1631 3323 igitur
1663 3241 1925 3325 maligni
1940 3245 2301 3325 fervidum
2330 3244 2520 3304 hune
2542 3240 2648 3319 ju·

732 3330 973 3389 stitiae
1022 3338 1093 3388 et
1137 3331 1425 3391 virtutis
1467 3349 1767 3390 amorem
1817 3326 2063 3391 derisui
2107 3326 2347 3390 habere
2394 3328 2648 3389 soleant

733 3405 819 3494 (ᾗ.
870 3410 1015 3493 756.
1059 3433 1120 3474 ιι.
1165 3411 1295 3494 5.):
1358 3412 1522 3473 haec
1571 3427 1779 3475 tamen
1834 3413 2231 3498 praejudicia
2289 3414 2646 3475 malesano-

730 3515 909 3567 rum,
971 3509 1154 3558 certo
1200 3498 1529 3580 evangelii
1585 3499 1982 3585 rationisque
2039 3499 2290 3582 regulis
2337 3499 2644 3573 adversa,

728 3573 812 3642 ab
845 3579 962 3654 iis,
1013 3582 1124 3666 qui
1153 3583 1402 3647 Christi
1438 3600 1620 3665 sunt,
1665 3587 1914 3686 negrigi
1946 3607 2218 3673 prorsus
2255 3599 2324 3651 et
2358 3601 2647 3651 contem·

725 3667 795 3730 ni
828 3666 1070 3740 debent
1106 3668 1190 3754 (5.
1225 3669 1385 3759 737.,
1407 3670 1526 3757 n.)-
