2846 4770
570 392 703 462 586

580 553 2646 600 Μ

1604 695 1618 730 Ι

1067 963 2102 1044 Ἀῃτιουιυεηι

1466 1280 1718 1372 §afi-

967 1409 1283 1496 Regulae
1318 1411 1797 1495 prudentiales
1837 1408 2219 1495 generales.

562 1598 631 1698 I)
665 1527 792 1669 Id
835 1612 1091 1670 curato
1132 1591 1496 1686 sollicite,
1558 1591 1629 1690 1)
1676 1611 1751 1666 ut
1791 1620 1829 1664 a
1876 1590 2272 1692 prudentia
2313 1586 2637 1688 pseudo-

560 1701 919 1807 politica,
974 1726 1011 1772 a
1053 1697 1448 1798 prudentia
1487 1697 1748 1769 mundi
1792 1712 1864 1794 et
1906 1697 2148 1767 carnis
2191 1720 2477 1765 summe
2519 1718 2637 1765 ca·

561 1834 737 1880 veas
789 1802 898 1904 (ss
958 1804 1122 1890 145.
1174 1828 1247 1871 n.
1311 1798 1454 1897 2.);
1523 1802 1841 1902 proinde
1898 1807 1971 1890 2)
2030 1799 2296 1898 agendi
2350 1794 2637 1896 regulas

558 1906 1072 2014 prudentiales
1124 1930 1548 2003 nunquam,
1616 1907 1760 1979 nisi
1808 1904 2063 1977 virtuti
2109 1902 2448 2000 negative
2499 1899 2638 1973 sal-

561 2033 714 2088 tem
762 2010 1319 2100 subordinatas,
1373 2009 1746 2105 sequaris3
1803 2009 1981 2107 quin
2028 2023 2378 2091 conator,
2431 2004 2514 2100 3)
2556 2020 2638 2076 ut

562 2116 975 2192 secundum
1012 2112 1450 2214 prudentiae
1474 2115 1726 2186 stricte
1759 2108 2062 2185 moralis
2097 2126 2169 2181 et
2189 2109 2631 2182 christianae

557 2217 849 2323 regulas
893 2235 1188 2317 semper
1230 2241 1393 2316 agas
1430 2214 1524 2311 ²¹¹).

766 2321 864 2418 11)
921 2321 1290 2411 Quoniam
1333 2317 1729 2417 prudentia
1781 2317 1864 2389 in
1904 2314 2142 2418 sagaci
2186 2329 2631 2415 promtaque

560 2452 855 2522 semper
895 2424 1173 2520 optima
1219 2436 1292 2491 et
1329 2446 1467 2518 pro
1509 2413 1877 2518 adjunctis
1914 2417 2217 2520 singulis
2252 2420 2629 2518 aptissima

556 2526 887 2601 remedia
939 2522 1365 2624 applicandi
1421 2523 1866 2597 dexteritate
1908 2525 2373 2615 continetur,
2428 2523 2633 2597 vide-

462 2686 469 2687 ἢ
558 2648 682 2722 t0,
735 2645 815 2709 ut
850 2628 940 2700 ad
986 2629 1230 2700 omnia
1274 2653 1397 2721 ea,
1469 2653 1655 2726 quae
1697 2631 2066 2702 actionem
2110 2628 2630 2721 circumstant:

555 2751 891 2833 tempus,
944 2729 1236 2822 locum,
1290 2757 1692 2831 personas,
1747 2734 2072 2804 animum
2121 2731 2501 2839 advertaS,
2558 2750 2631 2806 et

558 2863 816 2912 eorum
856 2835 1197 2908 notitiam
1239 2834 1666 2910 distinctam
1707 2851 1861 2909 tum
1899 2836 2429 2930 meditationis»,
2469 2853 2629 2909 tum

555 2940 1134 3032 observationis,
1188 2955 1340 3011 tum
1386 2940 1888 3038 experientiae
1926 2954 2011 3012 ac
2050 2939 2620 3013 consultationis

556 3069 744 3143 ope,
791 3060 866 3115 et
902 3042 1059 3114 aliis
1080 3088 1117 3134 ,·
1148 3068 1334 3141 quae
1370 3042 1462 3113 ad
1504 3044 1886 3118 hominum
1926 3044 2448 3143 cogitationem
2480 3043 2624 3114 uti-

464 3242 469 3246 ⁶
552 3144 653 3218 lia
706 3145 1165 3221 laudavimus
1223 3143 1322 3244 (§.
1363 3148 1606 3243 489),
1673 3146 2022 3221 subsidiis
2076 3147 2426 3220 adhibitis
2481 3145 2621 3221 tibi

554 3274 963 3349 compares.
1023 3249 1368 3323 Ceterum
2211 3307 2234 3337 f
2625 3302 2628 3303 f

755 3352 890 3450 ΙΙΙ)
947 3353 1193 3442 Quum
1262 3353 1456 3427 vitae
1525 3351 1763 3450 hujus·
1810 3350 2126 3426 felicitas
2174 3348 2466 3453 (partim
2538 3354 2621 3427 in

550 3454 886 3527 honestis
935 3455 1257 3553 gaudiis,
1311 3456 1584 3556 partim
1636 3457 1714 3527 in
1755 3455 2220 3530 immunitate
2268 3457 2574 3531 amalis
2589 3514 2616 3552 ‚
2737 3546 2746 3551 ¹

548 3559 821 3658 partim
878 3559 957 3629 in
1009 3576 1297 3631 servata
1349 3560 1543 3657 ipsas
1573 3552 1785 3631 ‘inter
1839 3559 2358 3656 adversitates,
2425 3588 2617 3660 quae

554 3660 912 3733 declinari
956 3685 1212 3735 omnes
1248 3677 1666 3758 nequeunt,
1714 3662 1941 3734 animi
1979 3667 2343 3760 aequitate
2380 3666 2619 3764 inpri-

547 3764 693 3838 mis
736 3766 970 3864 posita
1015 3765 1148 3855 sit,
1210 3763 1280 3861 1)
1320 3763 1497 3837 alias
1541 3764 1840 3862 quidem
1886 3764 2171 3863 regulas
2214 3775 2276 3859 a)
2328 3771 2441 3841 ad
2469 3795 2616 3865 pa-

551 3869 814 3942 randa
853 3893 1036 3943 vera
1066 3868 1366 3965 gaudia
1379 3895 1409 3958 ,-
1447 3867 1622 3940 alias
1661 3867 1740 3965 b)
1779 3869 2129 3949 admala
2160 3887 2238 3942 et
2273 3871 2615 3945 adversa

542 3970 1095 4068 praecavenda
1114 3969 1733 4071 caemoliendaqu35
1758 3968 1931 4043 alias
1950 3983 2015 4062 c)
2036 3972 2126 4044 ad
2147 3975 2311 4072 ipsa
2329 3977 2612 4049 adver-

458 4078 463 4095 '
545 4095 637 4149 sa
661 4101 912 4174 aequo
935 4074 1546 4175 animoferenda
1569 4075 2144 4173 praemeditatas
2173 4076 2608 4152 familiares-

456 4175 463 4185 *
548 4202 693 4276 que
731 4176 1004 4250 habere
1047 4193 1122 4250 et
1156 4179 1294 4251 rite
1335 4203 1629 4254 servare
1663 4177 1994 4277 satagito.
