2846 4770
547 388 666 449 108

863 385 972 445 De
1009 382 1261 468 officiis
1292 393 1635 443 certorum
1674 388 2007 446 statuum.
2050 376 2227 446 Sect.
2263 377 2323 438 I.

725 555 1112 636 demumque
1167 548 1530 635 Gregorius
1586 551 1676 611 M.
1741 548 1867 630 15⁵)
1930 545 2133 630 magis
2190 547 2507 631 perfecit3
2569 548 2634 631 c)

724 637 1087 727 Gregorius
1131 639 1277 703 vn.
1322 637 1441 712 iis,
1500 656 1663 720 quae
1724 632 2056 699 recitanda
2100 649 2357 708 essent,
2418 634 2640 698 deter-

715 724 974 791 minatis
1025 723 1419 789 clericorum
1461 744 1801 787 numerum
1841 721 2232 806 psalmorum
2276 720 2637 785 diminuen-

720 814 880 878 tium
935 810 1249 875 desidiam
1316 809 1637 879 damnavit
1683 807 1854 891 ²⁵6);
1915 805 2172 870 tandem
2217 806 2289 889 d)
2348 807 2503 871 Pius
2539 810 2631 873 .V.

716 897 1110 964 breviarium
1157 897 1512 961 secundum
1551 897 1886 962 decretum
1933 893 2195 958 concilii
2237 893 2386 957 trid.
2439 895 2628 981 (sess,

712 987 924 1054 XXV.
972 985 1074 1048 ad
1120 981 1343 1070 finem)
1413 984 1492 1052 A.
1568 980 1744 1051 1568.
1802 979 2220 1045 reformavit:
2280 980 2455 1065 quod
2519 980 2635 1042 de-

716 1073 917 1156 nique
977 1072 1279 1135 Clemens
1339 1073 1513 1138 VIII.
1576 1069 1658 1133 A.
1727 1067 1910 1134 1602.
1973 1082 2041 1131 et
2100 1066 2398 1129 Urbanus
2460 1068 2634 1129 VIII.

716 1162 804 1225 A.
853 1156 1074 1233 1651.‚
1114 1157 1228 1243 qui
1285 1157 1670 1240 hymnorum
1701 1167 1906 1217 metra
1957 1153 2421 1238 castigaverat,
2481 1174 2634 1235 per-

713 1245 965 1309 fecere.
1046 1248 1134 1308 At
1194 1263 1355 1309 vero
1418 1265 1551 1307 non
1616 1242 1850 1307 desunt
1913 1241 2036 1305 viri
2095 1241 2263 1303 bene
2325 1238 2632 1303 catholici

719 1331 1062 1418 probique,
1107 1330 1220 1416 qui
1254 1352 1385 1413 non
1415 1331 1702 1416 quidem,
1750 1327 1952 1413 (quod
1983 1327 2244 1412 desides
2276 1325 2629 1410 praecipue

719 1436 791 1482 et
842 1417 922 1480 ab
954 1417 1096 1482 aliis
1130 1415 1777 1502 religiosisnegotiis
1816 1415 2000 1480 vacui
2048 1414 2302 1497 saepius
2353 1412 2628 1475 maxime

720 1503 1015 1589 cupiunt)
1076 1504 1242 1567 hano
1304 1504 1767 1589 obligationem
1822 1523 2092 1586 prorsus
2140 1487 2482 1573 sublataesm,
2541 1512 2632 1560 at·

713 1605 930 1656 tamen
964 1590 1359 1655 breviarium
1388 1591 1597 1675 ipsum
1636 1591 1716 1653 ad
1754 1588 2024 1651 solidam
2059 1587 2366 1671 pietatem
2396 1585 2633 1649 ‘foven-

716 1677 864 1740 dam
910 1699 1011 1741 ma
1058 1677 1114 1740 is
1158 1677 1750 1749 accommodatum,
1795 1689 1863 1738 ct
1917 1674 2131 1759 quoad
2180 1686 2632 1757 argumentum

718 1778 789 1829 et
847 1784 1015 1847 quoa
1103 1763 1378 1828 formam
1438 1765 1579 1844 ejus
1623 1763 2040 1846 indolemque
2099 1760 2521 1839 emendatum·
2556 1779 2628 1822 ac

713 1848 1135 1913 reformatum
1181 1864 1504 1933 optarent.
1566 1849 1713 1943 Qua
1771 1853 1839 1910 in
1882 1870 1957 1912 re
2023 1848 2262 1913 ceteris
2326 1846 2629 1929 exemplo

711 1949 1107 2020 praeeuntes
1144 1936 1486 2000 dioeceses
1517 1936 1849 2018 quaedam,
1887 1935 2180 2018 inprimis
2214 1934 2401 1997 etiam
2417 1936 2630 1994 Bene·

715 2021 997 2085 dictinae
1040 2023 1588 2106 congregationes
1622 2037 1753 2086 tum
1796 2045 1848 2084 s.
1885 2022 2147 2085 Vitonis
2181 2035 2248 2083 et
2293 2041 2341 2083 s.
2380 2016 2630 2100 Hydul-

713 2108 861 2192 phi,
905 2122 1039 2171 tum
1081 2131 1131 2171 s.
1168 2108 1383 2171 Mauri
1429 2109 1495 2172 in
1538 2109 1748 2172 Gallia
1784 2109 2037 2192 insigne
2081 2106 2406 2202 quidpiam
2443 2126 2629 2188 prae·

711 2195 1033 2262 stiterunt.
1098 2198 1200 2257 De
1263 2217 1393 2280 quo
1460 2196 1784 2261 breviario
1841 2196 2064 2259 scribit
2121 2195 2222 2259 vir
2284 2191 2629 2255 cordatus:

712 2283 881 2343 »Das
932 2295 1239 2356 neueste,
1305 2282 1438 2343 und
1488 2285 1673 2345 beste
1723 2282 1833 2344 fiir
1884 2281 2204 2347 Verstand
2262 2279 2392 2342 und
2442 2280 2627 2340 Herz

712 2367 1219 2449 »zweokmassig
1250 2367 1616 2453 abgefasste
1635 2370 1924 2432 Brevier
1954 2368 2041 2430 ist
2076 2390 2238 2453 ganz
2271 2364 2506 2451 gewiss
2535 2364 2628 2445 je·

708 2474 860 2518 snos
899 2458 993 2516 ad
1023 2474 1225 2535 usum
1265 2458 1830 2538 congregationis
1868 2476 1927 2515 s.
1952 2456 2198 2518 Mauri
2231 2456 2376 2516 ord.
2410 2474 2467 2513 s.
2489 2451 2621 2512 Be-

711 2542 1001 2603 snedicti
1052 2539 1119 2600 iu
1144 2539 1591 2617 Frankreich,
1636 2537 1955 2602 welches
1984 2562 2068 2601 zu
2104 2537 2286 2600 Paris
2338 2538 2422 2599 im
2460 2536 2623 2598 Jahr

711 2624 933 2708 191787.
983 2624 1051 2686 in
1100 2625 1229 2687 8vo
1269 2626 1606 2711 ausgelegt
1658 2625 1883 2687 wurde
1931 2624 1998 2688 in
2047 2623 2468 2708 'typographia
2512 2624 2622 2686 Cla.

712 2711 842 2776 sD.
864 2713 1155 2784 Fiet-res,
1190 2714 1765 2776 christianissimi
1783 2714 1970 2791 regis
2003 2713 2424 2795 typographi
2444 2707 2626 2775 auli·

709 2798 837 2873 sci,
858 2816 979 2859 nec
997 2817 1127 2859 non
1152 2800 1711 2882 congregationis
1732 2818 1790 2862 s.
1812 2799 2058 2858 Mauri
2078 2796 2496 2880 typographi
2515 2814 2624 2852 or-

599 2945 604 2952 ,
710 2884 1007 2944 »dinarii
1026 2926 1047 2959 ‚
1084 2904 1237 2945 cum
1263 2883 1632 2966 privilegio
1669 2884 1855 2964 regis
1889 2893 1958 2943 et
1994 2886 2450 2962 superiorum.
2491 2877 2619 2939 Die

712 2965 1178 3051 »Einrichtung
1226 2967 1443 3030 dieses
1502 2969 1669 3030 eben
1717 2986 1791 3027 so
1839 2964 2321 3049 geistreichen,
2367 2965 2461 3025 als
2509 2985 2621 3046 ge-

714 3053 1005 3116 »lehrten
1034 3054 1348 3115 Breviers
1381 3054 1466 3116 ist
1500 3052 1638 3115 also
1670 3051 2035 3136 getroffen‚
2083 3052 2227 3113 dass
2264 3052 2389 3113 alle
2430 3051 2626 3111 Glau-

708 3138 932 3201 sbens-
963 3138 1093 3200 und
1132 3138 1575 3201 Sittenlehren
1613 3159 1724 3199 aus
1779 3138 1899 3201 der
1936 3137 2185 3202 schrift
2219 3136 2352 3199 und
2395 3135 2623 3198 Tradi-

710 3225 883 3286 iution
919 3224 1032 3289 auf
1060 3222 1172 3285 das
1206 3223 1596 3288 deutlichste
1634 3224 2024 3309 dargestellt
2056 3224 2241 3299 sind;
2289 3245 2362 3284 so
2407 3245 2620 3299 επεν,

710 3309 893 3371 »dass
954 3310 1173 3371 dieser
1232 3310 1610 3373 Unterricht
1667 3311 1866 3373 allein
1923 3312 2125 3376 sehon
2186 3309 2619 3375 hinreichend

708 3402 953 3473 uvare,
992 3397 1202 3459 einem
1241 3396 1535 3459 Priester
1574 3397 1679 3459 die
1719 3398 1966 3461 seinem
2006 3396 2247 3461 Stande
2286 3396 2627 3459 nothwen-

710 3481 943 3567 »digen
1002 3482 1391 3546 Renntnisse
1446 3484 1552 3545 fiir
1611 3484 1736 3547 alle
1797 3485 1978 3547 seine
2029 3483 2620 3548 Amtsverri'chtun-

710 3589 873 3652 »gen
944 3567 1471 3653 beyzubringen3
1550 3572 1683 3632 und
1760 3571 1954 3633 sollte
2044 3570 2257 3633 dieses
2337 3569 2624 3633 Brevier

599 3727 607 3736 ἱ
705 3656 805 3716 »in
843 3652 950 3717 die
997 3653 1306 3718 deutsche
1350 3656 1868 3740 Mutterspraehe
1922 3655 2255 3719 iibersetzt
2311 3656 2620 3730 werden,

692 3763 815 3826 „rso
854 3740 1077 3804 wiirde
1128 3742 1391 3806 solches
1431 3742 1539 3806 fiir
1576 3764 1738 3827 ganz
1785 3743 2230 3809 Deutschland
2278 3743 2467 3826 (auch
2512 3745 2625 3806 fiir

537 4087 542 4094 ,
632 4025 773 4106 ι55)
819 3997 1019 4094 Teste
1054 4029 1175 4092 Pio
1217 4032 1295 4098 V.
1330 4031 1582 4095 constit.
1623 4032 1831 4116 Quod
1866 4032 2141 4094 a-nobis
2172 4044 2302 4096 etc.
2340 4007 2343 4010 .
2382 3983 2397 4008 x
2463 4065 2501 4098 ι

624 4110 768 4192 156)
822 4114 1031 4195 Apud.
1082 4117 1263 4191 Grat.
1316 4117 1601 4184 distinct.
1640 4121 1733 4186 Va.
1772 4116 1851 4183 fle
1892 4109 2197 4222 'contem‘-
2243 4138 2301 4181 ο.
2363 4120 2458 4188 15.
2528 4117 2619 4181 In

704 4198 815 4264 die
840 4212 965 4275 (tc.
