2846 4770
459 375 577 444 272
605 361 713 424 De
740 361 984 424 christ.
1007 360 1250 422 virtut.
1263 360 1851 444 perfectionisque
1872 361 2232 435 subsidiis.
2259 362 2442 439 See-t.
2463 364 2566 426 ΙΙ.

626 534 718 608 li,
764 531 874 618 qui
906 530 1067 594 licet
1100 552 1456 595 conversus
1486 552 1563 595 se
1599 546 2053 615 peccatorem,
2097 535 2360 598 nomine
2403 555 2562 618 apo-

635 620 790 685 stoli
824 618 1184 702 indignum,
1202 640 1505 682 asserens
1526 622 2026 701 poenitentiam
2038 637 2441 704 perpetuam
2462 643 2571 684 es·

633 730 707 773 se
748 706 994 770 debere
1030 707 1449 777 monstravit3
1495 719 1562 768 et
1598 711 1667 785 c)
1720 703 2015 767 doctrina
2056 706 2387 788 ejusdem,
2436 729 2569 792 qua

635 794 965 860 tristitiam
998 791 1357 859 secundum
1389 794 1606 854 Deum
1641 793 2087 867 commendat,
2137 815 2304 877 quae
2340 794 2573 876 poeni-

635 881 908 946 tentiam
968 879 1038 940 in
1082 880 1357 943 salutem
1403 879 1740 953 stabilem,
1803 902 1966 964 quae
2014 879 2528 944 sollicitudinem
2555 923 2574 957 ,

627 989 832 1055 quae
843 965 1328 1042 defensionem,
1372 965 1886 1049 indignationem
1930 981 2156 1029 contra
2191 982 2573 1052 peccatum,

644 1057 983 1129 timorem,
1030 1052 1464 1127 desiderium,
1506 1055 1640 1115 imo
1693 1053 2190 1116 aemulationem
2240 1070 2309 1119 et
2360 1054 2578 1118 vindi-

648 1156 819 1205 ctam
866 1141 949 1203 de
1005 1156 1274 1223 peccato
1311 1155 1646 1226 operetur.
1714 1141 1792 1202 1.
1812 1142 1965 1218 Cor.
2007 1142 2154 1211 XV.
2194 1141 2258 1213 8.
2276 1143 2379 1210 ..11
2414 1142 2577 1208 Cor.

649 1230 797 1296 VII.
837 1252 902 1317 9.
940 1248 1077 1313 seq.

897 1374 930 1403 α
1396 1383 1459 1475 §0
1507 1381 1654 1471 7536

373 1502 377 1509 ⁶
487 1517 921 1583 Soet-amenti
970 1517 1438 1598 poenitentiae
1504 1516 1564 1601 ι)
1629 1517 2032 1591 institutiog
2098 1513 2162 1598 2)
2225 1517 2463 1593 notio,-
2508 1510 2580 1597 5)

561 1608 568 1615 ’
1251 1615 1537 1687 partes-‚-
1584 1620 1817 1685 nempe

691 1747 799 1820 Ut
847 1746 1176 1822 hominis
1233 1765 1405 1846 post
1454 1747 1910 1847 baptismum
1983 1745 2061 1817 in
2122 1745 2371 1844 gravia
2424 1744 2584 1816 sors

486 1852 761 1929 delicta
819 1850 1006 1950 lapsi
1065 1853 1574 1951 poenitentia,
1631 1850 2025 1926 conversio
2082 1868 2156 1924 et
2197 1875 2365 1922 cum
2411 1853 2582 1920 Deo

486 1986 623 2060 per
663 1970 1055 2055 peccatum
1100 1957 1384 2030 offenso
1437 1963 1538 2053 (S.
1567 1958 1735 2031 162.
1771 1983 1817 2027 n
1829 1961 1883 2048 .)
1922 1953 2441 2028 reconciliatio
2470 1981 2585 2026 es-

489 2079 605 2137 set
658 2060 1122 2159 expeditior,
1177 2062 1456 2133 certior
1511 2061 2030 2157 securiorque,
2096 2058 2195 2156 1)
2230 2057 2592 2130 Christus

491 2167 865 2240 Dominus
943 2162 1534 2239 sacramentum
1612 2169 2142 2261 poenitentiae
2236 2152 2598 2237 instituit

499 2269 768 2361 »Quod
794 2271 1192 2369 praecipue
1214 2285 1394 2342 tunc
1414 2269 1617 2359 fecit,
1638 2295 1807 2341 cum
1827 2295 1864 2339 a
1888 2271 2200 2342 mortuis
2222 2269 2591 2339 excitatus

500 2373 1006 2450 »insufflavit
989 2400 1066 2443 m
1119 2370 1530 2472 discipulos
1572 2375 1832 2446 dicens
1874 2372 2016 2469 5⁰).
2056 2372 2398 2473 Accipite
2428 2373 2597 2471 Spi-

357 2507 362 2513 ’
411 2523 412 2526 “
499 2479 771 2555 »ritum
819 2493 1202 2569 sanctum,
1259 2503 1579 2574 quorum
1612 2480 2048 2551 remiseiitis
2077 2493 2424 2597 Npeccata
2477 2504 2595 2548 re-

501 2581 947 2659 »mittuntur
1005 2581 1160 2673 eis3
1232 2599 1305 2653 et
1362 2607 1678 2679 quorum
1735 2583 2246 2673 retinueritis,
2299 2598 2598 2662 retenta

431 2755 434 2762 ,
487 2703 800 2763 Δ))ετ,ιιιι1;.
935 2681 1295 2777 .Quibus
1335 2683 1584 2773 verbis
1625 2704 1774 2758 tarn
1818 2687 2231 2786 perspicuis
2265 2702 2599 2784 potesta·

506 2795 707 2867 »tem
767 2737 1206 2863 remittendi
1257 2805 1332 2864 et
1383 2792 1759 2863 retinendi
1817 2808 2134 2891 peccata
2174 2791 2270 2865 ad
2324 2817 2599 2864 recon-

503 2892 925 2971 »ciliandos
972 2892 1230 2966 fideles
1291 2910 1464 2993 post
1503 2892 1955 2994 baptismum
2003 2894 2252 2996 lapsos
2296 2910 2600 2995 aposto-

507 2998 646 3076 »lis
690 3017 763 3073 et
794 3026 1054 3086 eorum
1094 2998 1648 3102 successoribus
1681 3000 1903 3072 fuisse
1936 3001 2594 3089 communicatam,

507 3104 1074 3179 »universorum
1135 3118 1433 3202 patrum
1482 3128 1894 3177 consensus
1957 3131 2256 3224 semper
2293 3102 2597 3176 intelle-

429 3263 438 3266 -
510 3208 666 3283 »xit
705 3209 885 3300 ⁵²).«
964 3209 1213 3298 Quum
1264 3205 1508 3279 autem
1551 3215 1629 3296 2)
1680 3225 1980 3307 peccata
2041 3208 2326 3283 remitti
2371 3216 2440 3297 a)
2484 3207 2598 3278 ni-

500 3311 565 3383 si
604 3312 812 3382 serio
852 3310 1419 3408 poenitentibus
1457 3330 1832 3431 nequeant
1879 3320 1981 3409 (g
2024 3339 2268 3412 praec.
2253 3320 2353 3403 .·)
2338 3372 2358 3406 ,
2413 3314 2598 3384 item

503 3411 581 3505 h)
623 3438 851 3511 quum
900 3429 1236 3505 constet,
1293 3441 1456 3503 eoS,
1512 3417 1638 3513 qui
1675 3443 1812 3515 pro
1864 3434 2228 3516 potestate
2269 3415 2602 3488 clavium

501 3518 969 3592 remissionis
1007 3533 1129 3589 aut
1153 3519 1595 3592 retentionis
1631 3539 2113 3620 peccatorum
2148 3522 2604 3593 sententiam

504 3623 998 3724 pronuntiare
1035 3620 1379 3714 debeant,
1419 3625 1875 3723 »praeside3,
1908 3626 2218 3723 judiceS,
2250 3625 2602 3706 sacerdo-

514 3744 671 3805 »tes
709 3727 1069 3824 judicium
1123 3726 1269 3799 hoc
1322 3731 1723 3826 incognita
1738 3739 2009 3804 'cama
2038 3750 2402 3818 ‘exercere
2440 3755 2600 3801 non

514 3833 894 3932 »potuisse
935 3884 952 3903 .
990 3884 1011 3906 .
1054 3884 1073 3908 .
1111 3827 1173 3922 si
1208 3832 1285 3904 in
1332 3832 2005 3932 genereduntaxat
2043 3851 2119 3907 et
2150 3860 2305 3942 non
2347 3833 2599 3935 potius

587 4106 705 4186 5ο)
752 4110 937 4173 Joan.
975 4109 1118 4174 XX.
1160 4121 1264 4171 22.
1303 4126 1401 4192 sq.
1436 4106 1662 4171 matth.
1703 4101 1935 4174 XVIII.
1980 4105 2082 4172 18.

602 4191 712 4275 51)
758 4193 1555 4260 Concil.'1'rident.sess
1594 4190 1770 4289 XIV.
1809 4216 1866 4258 c·
1914 4218 1970 4261 1.
2004 4194 2087 4260 de
2128 4195 2376 4281 poenit.
