2846 4770
477 383 548 461 G.
584 379 725 447 ῙΙῙ.
766 378 877 442 De
898 393 1269 465 pat-oneum
1311 395 1380 445 et
1410 382 1786 448 liberorum
1825 386 2109 473 offim'is.
2263 383 2347 469 57

234 556 626 633 modis'in
684 581 809 630 eos
878 556 1641 634 citra-necessitatem
1698 575 1920 659 agant
1961 554 2111 653 4⁶);
2183 557 2338 632 imo

233 662 312 753 b)
372 678 739 749 nontam
815 687 950 761 per
1025 662 1372 739 timorem
1427 666 2048 754 reverentialem,
2124 687 2348 760 quam

184 794 379 869 ,Ῥεῖ
418 768 729 840 rationis
788 768 1202 866 principia3
1265 794 1351 841 ac
1395 795 1779 843 suesorum
1839 771 2091 870 potius
2168 765 2348 838 ami·

241 897 708 969 corumque,
780 897 1000 970 quam
1059 890 1638 974 praeceptorum
1706 898 1915 947 more
1978 895 2108 946 eos
2165 869 2349 944 diri-

240 1003 422 1078 gere
476 991 852 1074 satagant3
929 977 1002 1070 c)
1058 1003 1302 1075 neque
1377 995 1626 1051 tamen
1681 1005 1816 1078 per
1871 978 2178 1051 nimiam
2231 973 2346 1045 in-

238 1082 704 1179 dulgent-iam
747 1079 1058 1174 juvenili
1122 1084 1343 1155 aetati
1389 1083 1651 1157 froena
1703 1085 2135 1157 remittantt'
2208 1077 2346 1152 sed

247 1199 681 1257 constanter
728 1184 999 1261 iisdem
1041 1185 1485 1285 invigilent,
1542 1206 1616 1263 et
1659 1189 1739 1259 in
1777 1188 2045 1262 ordine
2087 1208 2175 1258 ac
2229 1182 2344 1255 di-

249 1286 569 1388 sciplina
641 1313 768 1362 eos
842 1315 1137 1363 servare
1194 1317 1346 1364 non
1417 1292 1782 1366 desistant
1835 1296 1970 1385 47).
2045 1284 2342 1364 Deinde

242 1391 329 1490 2)
381 1393 464 1466 id
515 1393 723 1466 omni
777 1418 904 1466 sua
962 1396 1229 1494 agendi
1282 1398 1574 1471 ratione
1631 1414 1933 1490 curent,
1990 1411 2073 1470 ut
2124 1391 2349 1465 liberi

243 1498 456 1597 ipsos
478 1513 749 1581 ‚tenere
812 1516 1108 1591 ament,
1164 1501 1456 1575 sincere
1514 1504 1910 1576 aestiment
1952 1523 2352 1573 reverean-

221 1616 555 1700 ¹tut-que,
633 1620 854 1699 atque
925 1606 1401 1703 praecipuam
1478 1632 1646 1705 erga
1719 1609 1922 1704 ipsos
1997 1602 2352 1675 fiduciam

196 1748 201 1751 ·
252 1701 624 1797 habeant,
676 1708 753 1778 vi
789 1710 995 1806 eujus
1034 1734 1163 1780 sua
1210 1705 1520 1782 consilia
1558 1724 1864 1807 actaque
1912 1703 2355 1807 parentibue

248 1809 597 1908 pandere
636 1836 780 1883 non
842 1813 1333 1904 abhorreant,
1391 1812 1809 1910 horumque
1839 1806 2172 1884 consiliis
2212 1832 2348 1906 per

249 1916 505 1987 omnia
563 1914 780 2014 dirigi
861 1917 1192 2017 cupiant.
1290 1919 1643 1992 Ceterum
1707 1920 1793 2008 3)
1850 1930 2195 2015 parentes
2270 1913 2352 1982 in

245 2018 336 2092 iis
393 2018 862 2114 disciplinis,
941 2020 1218 2093 artibus
1273 2048 1358 2095 ac
1420 2023 1705 2096 notitiis
1769 2019 2046 2094 liberos
2105 2015 2353 2117 perfe-

247 2140 366 2197 cte
423 2125 706 2196 erudiri
762 2142 1063 2215 curent,
1122 2150 1310 2223 quae
1367 2153 1629 2199 eorum
1689 2128 1952 2223 geni0,
2006 2121 2355 2222 ingenio,

197 2230 533 2326 aetati,
610 2230 865 2317 sexui,
938 2229 1226 2302 futurae
1302 2231 1780 2319 conditioni,
1853 2246 2073 2324 atque
2153 2223 2354 2301 votis

245 2334 471 2407 etiam
513 2348 586 2406 et
630 2334 1261 2434 propensionibus
1307 2337 1579 2409 rationi
1635 2361 1786 2408 non
1830 2331 2159 2405 adversis
2201 2352 2353 2401 ma-

240 2438 450 2511 xime
507 2441 923 2540 congruant
965 2442 1058 2531 ²⁸¹²).
1117 2443 1467 2539 Inprimis
1527 2467 1703 2513 vero
1760 2444 1842 2530 4)
1902 2435 1995 2509 ad
2047 2457 2351 2510 servan-

248 2542 432 2615 dum
491 2561 774 2618 eertum
839 2546 917 2616 in
960 2542 1307 2617 omnibus
1362 2547 1511 2617 suis
1577 2545 1896 2643 negotiis
1962 2540 2350 2626 ordinem,

252 2644 356 2717 ad
392 2644 675 2720 laboris
709 2664 779 2722 et
812 2647 1217 2721 industriae
1259 2675 1614 2742 amorem,
1656 2650 1750 2721 ad
1792 2674 1909 2719 res
1952 2672 2117 2718 suas
2149 2642 2346 2714 bene

252 2748 923 2845 administrandas,
972 2753 1089 2825 ad
1142 2756 1540 2851 pecuniam
1600 2751 2010 2859 prudenter
2066 2750 2352 2846 impen-

249 2852 633 2945 dendam,
714 2855 805 2927 ad
871 2857 1348 2958 praecipuam
1423 2882 1590 2947 erga
1649 2860 1890 2929 Deum
1957 2856 2351 2953 pietatem,

176 3025 183 3034 x
247 2957 344 3032 ad
400 2975 777 3058 promtam
847 2987 1016 3060 erga
1099 2984 1359 3031 omnes
1429 2957 1973 3028 officiositatem
2045 2953 2354 3023 eomita-

245 3078 596 3160 temque,
657 3062 922 3142 verbo:
982 3063 1079 3135 ad
1115 3061 1432 3136 solidam
1475 3060 1956 3135 christianam
2003 3055 2353 3126 virtutem

243 3167 560 3240 eosdem
614 3169 861 3242 modis
937 3169 1282 3241 omnibus
1357 3167 1683 3246 excitare
1755 3169 2350 3262 permove'reque

216 3270 736 3361 -adiaborent,
794 3272 1573 3371 iel-persuasissimum
1614 3268 2018 3359 habentes,
2073 3291 2151 3337 se
2205 3262 2350 3335 sibi

222 3374 437 3471 „ipsis
481 3393 554 3447 et
589 3374 848 3448 liberis
893 3394 965 3448 et
1026 3377 1351 3448 humano
1412 3375 1667 3473 generi
1720 3369 1986 3445 melius
2056 3363 2353 3443 consul-

259 3493 463 3551 turos
498 3506 702 3569 esse,
756 3481 817 3552 si
863 3505 1033 3552 vere
1072 3479 1397 3574 probos,
1455 3503 1677 3575 quam
1739 3477 1800 3550 si
1865 3474 2353 3575 politissimos

252 3598 379 3657 aut
404 3582 1016 3683 opulentissimos
1060 3582 1340 3662 liberos
1376 3582 1700 3657 habeant
1740 3591 1869 3658 aut‘
1895 3577 2353 3677 relinquant.

324 3862 441 3938 46)
493 3855 739 3946 Eph‘eS.
789 3868 898 3930 VI.
945 3877 1004 3943 4,
1042 3867 1183 3929 col.
1229 3867 1338 3929 111.
1387 3882 1493 3929 21.

211 4007 220 4020 .
324 3952 442 4032 (η.)
496 3952 676 4024 Εοοι.
712 3954 914 4020 ΧΠ.
956 3978 1005 4016 ι.
1042 3956 1348 4015 Proverb.
1386 3951 1556 4015 xm.
1599 3960 1699 4024 24.
1735 3949 1942 4010 xvm.
1985 3941 2085 4014 ι5.
2113 3938 2347 4004 xxm.

429 4036 517 4101 ¹3.
565 4040 795 4104 K‘UX.
831 4041 927 4106 15.
966 4041 1065 4101 De
1103 4041 1516 4104 correctione
1546 4036 1904 4098 liberorum
1941 4032 2128 4116 plura
2173 4047 2354 4108 prae·

416 4122 577 4196 cipit
606 4125 1180 4191 Schwarzlmeber
1218 4128 1425 4213 prakt.
1469 4123 1637 4190 Rath.
1667 4114 2246 4208 Religionshandb.
2292 4133 2354 4200 P}

421 4211 535 4279 IV.
583 4206 643 4301 §.
685 4233 786 4296 70.
