2846 4770
327 367 395 436 C.
410 368 486 435 V.
503 368 676 435 Art.
696 368 793 435 11.
816 368 925 433 D'e
944 366 2047 461 obligationum-magistratuum
2067 386 2191 438 etc.
2214 370 2297 461 73

218 542 532 647 publico
586 558 718 620 aut
786 548 1342 621 communitatis
1406 546 1629 623 saluti
1680 573 1955 623 noxam
2007 545 2306 620 illatura

219 648 613 739 credatur,
673 645 769 722 ad
814 645 962 721 hoc
1011 649 1362 733 damnum
1403 653 1892 727 avertendum
1930 677 2141 725 reum
2179 675 2305 724 ac·

223 777 508 829 casare
546 768 884 842 tenetur,
955 755 1287 853 quisquis
1334 757 1623 830 crimen
1671 756 1815 830 tale
1856 754 2176 857 probare
2225 754 2304 825 in

222 857 511 958 jndicio
548 855 776 950 valet3
820 853 903 951 d)
942 859 1004 930 si
1039 859 1343 958 probari
1375 862 1661 941 crimen
1695 877 2039 959 nequeat,
2085 857 2305 930 omit·

219 960 461 1039 tenda
494 977 608 1034 est
646 960 1059 1052 accusatio,
1103 980 1177 1037 et
1214 964 1567 1041 damnum
1606 990 1749 1066 pro
1791 962 2133 1066 possibili
2168 986 2305 1061 per

227 1065 878 1141 denuntiationem
932 1083 1056 1139 aut
1107 1068 1740 1162 admonitionem,
1800 1092 2115 1170 persona
2170 1090 2303 1139 no-

229 1185 499 1259 cente,
562 1168 699 1241 nisi
755 1193 940 1268 opus
994 1169 1251 1266 fuerit,
1312 1173 1517 1251 haud
1569 1175 1944 1248 nominata
2000 1196 2304 1270 praeca-

230 1271 555 1346 vendum
596 1273 774 1368 erit;
829 1287 1157 1350 ceterum
1198 1282 1265 1368 e)
1308 1295 1558 1371 actor,
1614 1283 1879 1379 justam
1918 1278 2137 1349 etiam
2177 1273 2303 1346 lm-

223 1373 410 1450 bens
464 1402 805 1467 causam,
858 1375 1235 1455 fraudibus
1249 1433 1275 1474 ,
1340 1383 1797 1476 mendaciis,
1867 1378 2059 1458 dolis
2113 1380 2304 1469 citra

226 1480 666 1583 injustitiam
706 1479 814 1557 uti
851 1486 1136 1586 nequit.
1212 1580 1222 1589 ἱ

433 1692 507 1776 2)
544 1689 972 1765 Accusatus
995 1705 1141 1769 aut
1164 1715 1348 1765 reus
1370 1696 1446 1782 a)
1469 1689 1625 1763 sive
1649 1712 1959 1781 nocens,
2003 1693 2158 1763 sive
2191 1690 2302 1762 in-

226 1792 649 1867 nocens‘ad
692 1819 765 1866 se
810 1794 1170 1870 tuendum
1219 1793 1448 1879 malas
1498 1804 1731 1880 artes,
1784 1793 2125 1887 fraudes,
2181 1819 2300 1866 ca-

216 1892 587 1988 lumnias»,
658 1914 917 2000 utpote
971 1925 1107 2000 per
1158 1926 1236 1972 se
1304 1898 1618 1972 rationis
1679 1895 1827 1998 legi
1877 1923 2299 2001 repugnan-

215 2015 371 2094 tes,
426 2027 782 2102 usurpare
835 2006 1017 2079 citra
1071 2021 1461 2111 peccatum
1512 2003 1812 2104 nequit3
1875 2002 1952 2094 b)
2012 2031 2052 2075 a
2104 2002 2291 2099 judi-

220 2129 303 2180 ce
354 2124 837 2207 competente
891 2125 965 2182 et
1014 2106 1383 2208 legitime,
1450 2107 1528 2178 id
1586 2122 1739 2196 est,
1791 2098 2291 2208 praecedente

217 2207 519 2287 infamia
575 2227 702 2284 aut
768 2210 1176 2313 semiplena
1240 2209 1729 2311 probatione,
1797 2213 2292 2309 interrogatus

219 2327 514 2388 tenetur
565 2315 1028 2416 respondere
1082 2333 1156 2390 et
1203 2317 1593 2394 veritatem
1647 2314 1897 2408 fateri,
1963 2316 2293 2413 itemque

220 2418 554 2492 criminis
609 2421 1057 2521 complices,
1130 2420 1222 2492 de
1281 2420 1547 2519 quibus
1598 2420 1920 2520 juridice
1976 2420 2294 2495 interro-

217 2537 466 2619 gatur,
518 2523 898 2621 indicare3
955 2542 1028 2599 at
1069 2550 1241 2598 vero
1298 2525 1370 2619 c)
1418 2522 1538 2597 vel
1592 2521 1681 2594 ab
1729 2526 2289 2624 incompetente

209 2624 511 2725 judice,
582 2627 698 2700 vel
749 2654 902 2702 non
951 2628 1281 2728 legitime
1335 2630 1829 2725 interrogatus
1882 2626 2293 2728 responde-1

210 2756 298 2802 re
339 2729 545 2804 haud
584 2731 984 2833 obligatum
1040 2759 1183 2808 nec
1224 2733 1441 2804 fateri
1486 2731 1810 2821 crimen,
1865 2731 2000 2804 sed
2047 2746 2291 2831 potest

211 2859 354 2934 per
394 2832 1009 2935 appellationem,
1063 2834 1372 2933 aliisque
1408 2834 1637 2907 licitis
1679 2834 1962 2924 modis,
2018 2859 2292 2930 nequa-

215 2963 442 3036 quam
519 2966 691 3014 vero
764 2925 1215 3028 mendaciis,
1310 2935 1745 3025 calumniis,
1834 2939 2292 3032 interrogata

212 3040 761 3144 subterfugere,
806 3047 1106 3121 testium
1149 3042 1660 3144 depositiones
1704 3064 2082 3132 enervare,
2125 3061 2290 3108 sen-2

210 3147 529 3220 tentiam
581 3150 847 3249 judicis
900 3149 1310 3250 impedire,
1381 3145 1521 3221 etsi
1574 3160 2040 3218 accusatores
2093 3142 2288 3214 forte

211 3248 393 3327 inde
431 3251 992 3340 incommodum
1033 3253 1397 3327 sentiantt
1455 3275 1629 3325 nam
1665 3248 1744 3321 id
1787 3248 1931 3321 sibi
1973 3249 2290 3348 imputa-

174 3375 300 3427 ·re
359 3353 680 3448 debent,
752 3358 954 3458 quod
1021 3357 1538 3459 imprudenter
1603 3355 2020 3427 accusarint
2073 3376 2290 3440 eum,

138 3518 142 3523 .
212 3459 421 3555 cujus
463 3464 749 3534 crimen
786 3459 1107 3562 probare
1144 3473 1562 3558 nequeunt3
1617 3473 1952 3532 ceterum
1991 3454 2072 3552 d)
2116 3479 2286 3527 reus

203 3557 582 3662 legitimae
624 3566 1080 3654 sententiae,
1131 3562 1429 3664 capitali
1474 3562 1736 3654 etiam,
1788 3587 1865 3635 se
1909 3558 2286 3634 submittes

203 3688 290 3737 re
331 3665 737 3768 obligatur,
804 3695 947 3746 nec
986 3665 1338 3743 violentia
1379 3665 1459 3736 in
1498 3667 1654 3765 ejus
1702 3683 2135 3741 executores
2178 3657 2285 3732 uti

205 3768 508 3864 licebit3
565 3789 881 3845 attamen
924 3774 983 3846 si
1040 3798 1174 3872 per
1215 3771 1459 3870 fugam
1503 3768 1805 3843 effracto
1853 3770 2072 3841 etiam
2126 3785 2285 3836 car-2

134 3947 139 3951 ,
209 3896 379 3947 cere
414 3875 610 3949 vitae
645 3891 769 3950 aut
800 3874 1129 3953 libertati
1163 3900 1337 3948 suae
1375 3871 1716 3949 consulat
1746 3897 1941 3960 reus,
1985 3893 2139 3941 non
2175 3864 2284 3937 vi-

206 3975 422 4056 detur
468 4003 829 4079 peccare,
898 3979 1198 4080 eoquod
1246 3977 1489 4051 eidem
1535 3974 1887 4074 obligatio
1941 3971 2037 4046 ad
2088 3968 2289 4047 ultro

202 4082 754 4158 remanendum
800 4084 1150 4185 imposita
1194 4081 1392 4156 haud
1436 4083 1580 4178 sit„
1628 4081 1891 4177 Neque
1945 4091 2291 4179 propter·

197 4210 281 4269 ea
336 4184 509 4266 aliis
561 4186 671 4264 fas
727 4189 916 4285 orit,
966 4213 1178 4267 reum
1231 4182 1538 4292 publica
1592 4180 1934 4292 custodia
1987 4181 2289 4258 effracta
