2846 4770
544 333 632 413 βο
840 333 952 396 De
987 333 1250 420 officiis
1285 338 1631 399 certorum
1665 323 1996 398 statuum.
2040 328 2219 396 Seet.
2258 331 2318 391 1.
2355 352 2360 361 ²
2442 374 2448 381 .

544 504 638 578 ad
676 504 956 578 dictum
993 505 1259 598 finem,
1311 507 1661 606 spectatis
1703 505 2045 582 omnibus
2083 525 2614 606 personarum,

541 609 925 700 locorum,
997 623 1566 715 temporumque
1636 610 1999 710 adjunctis
2066 609 2381 683 maxime
2435 631 2619 681 con-

546 715 815 806 ferant,
856 739 1085 810 eaque
1121 712 1516 796 methodo,
1554 738 1740 812 quae
1778 715 1870 788 ad
1910 715 2114 788 illum
2151 737 2459 813 scopum
2490 711 2618 782 in-

546 820 800 919 primis
844 819 1154 910 serviat,
1209 843 1348 891 nee
1391 835 1535 890 tam
1572 819 1915 912 scholae,
1972 845 2191 918 quam
2231 821 2433 890 vitae
2474 814 2614 887 do·-
2673 818 2680 821 ’

549 941 793 996 ceant.·
861 921 1090 993 Proin
1143 923 1218 1010 6)
1252 948 1762 1022 quaecunque
1815 912 2041 997 utilia
2096 941 2171 996 et
2221 917 2612 1019 discipulis

546 1053 722 1133 vere
776 1027 1101 1124 proficua
1155 1025 1298 1124 ipsi
1330 1042 1666 1118 norunt,
1720 1029 2060 1103 candide
2116 1052 2282 1100 cum
2340 1022 2616 1097 iisdem

550 1132 1140 1223 communice'nt3
1197 1133 1503 1200 inutilia
1539 1151 1825 1225 autem,
1867 1144 2083 1230 atque
2118 1129 2464 1229 inprimis
2497 1153 2617 1199 re-

549 1234 811 1335 ligioni
852 1250 977 1304 aut
1017 1232 1234 1304 bonis
1269 1232 1600 1308 moribus
1635 1236 2063 1335 periculosa
2092 1235 2402 1307 noxiave
2437 1252 2621 1331 pro·

549 1364 830 1438 ponere
869 1362 1152 1408 summe
1191 1336 1581 1440 horreant(
1880 1334 1888 1339 i
1971 1341 1976 1344 ’

634 1481 696 1566 *)
747 1481 955 1575 Quum
997 1483 1056 1565 1)
1091 1481 1380 1567 magistri
1412 1482 1807 1566 reipublicae
1839 1497 1974 1545 tum
2004 1479 2316 1567 profanae
2352 1492 2485 1541 tum
2521 1498 2625 1541 sa-

593 1577 602 1583 '
718 1589 868 1631 crae
913 1589 1181 1650 prorsus
1227 1570 1354 1630 sint
1397 1571 1758 1632 necessarii
1808 1584 1875 1633 et
1919 1591 2000 1632 ex
2044 1565 2226 1630 reeta
2268 1564 2624 1650 juventutis

718 1654 1120 1716 institutione
1164 1655 1561 1739 reipublicae
1619 1657 1956 1741 utriusque
2003 1653 2176 1716 salus
2218 1672 2621 1737 magnopere

718 1739 1022 1825 pendeat,
1069 1740 1355 1823 patulum
1390 1740 1511 1815 est,
1557 1739 1619 1823 a)
1658 1762 1793 1816 eos,
1840 1762 2110 1827 quorum
2149 1753 2250 1803 est
2275 1741 2627 1823 magistros

715 1827 1017 1911 publicos
1051 1827 1336 1911 seligere
1359 1870 1377 1901 ‚
1419 1827 1715 1889 omnibus
1749 1827 1959 1890 modis
1998 1827 2197 1889 adniti
2227 1826 2509 1898 debere,
2552 1836 2629 1887 ut

511 1956 525 1967 „
612 1981 616 1984 Α
717 1912 1015 1975 homines
1061 1926 1240 1974 tanto
1276 1914 1845 1978 munerimaxime
1885 1913 2159 1977 idoneos
2198 1913 2630 1985 constituant}

722 1997 1135 2061 e'eontrario
1180 1995 1247 2081 b)
1291 2019 1409 2062 eos
1456 2017 1678 2063 contra
1719 2001 1847 2065 Dei
1894 2000 2204 2084 gloriam,
2263 2014 2486 2063 contra
2518 2017 2636 2062 eo·

723 2083 963 2147 clesiae
1000 2097 1067 2146 et
1100 2082 1499 2166 reipublicae
1538 2086 1831 2164 salutem,
1869 2086 2024 2150 item
2061 2096 2286 2150 contra
2323 2086 2502 2170 ipsos
2534 2083 2637 2147 in-

723 2170 1084 2232 stituendos
1121 2170 1467 2254 insigniter
1503 2194 1814 2256 peccare,
1875 2173 1987 2257 qui
2024 2172 2325 2258 indignos
2367 2185 2477 2234 aut
2510 2169 2642 2233 mi·-

688 2268 691 2271 '
721 2278 844 2318 nus
880 2255 1156 2320 idoneos
1195 2259 1437 2320 scholis
1473 2260 1856 2342 praesertim
1893 2259 2168 2342 publicis
2206 2257 2637 2343 praeficiunt,
2725 2317 2731 2331 ,

720 2356 834 2407 aut
888 2343 968 2405 ad
1028 2342 1097 2403 id
1153 2363 1264 2406 sua
1322 2365 1524 2428 opera
1580 2360 2012 2425 concurrunt3
2081 2347 2305 2427 c)'eos
2349 2343 2639 2411 maxime

722 2429 1078 2510 culpandos
1103 2451 1269 2505 esse,
1311 2433 1421 2517 qui
1453 2447 1563 2494 aut
1581 2433 1822 2516 decens
1853 2432 2176 2516 magistris
2208 2429 2641 2495 honorarium

719 2536 854 2577 non
911 2515 1294 2579 conferunt:
1357 2533 1466 2582 aut
1511 2520 1621 2603 qui
1664 2541 1782 2596 eo,
1843 2539 1971 2603 quo
2016 2539 2132 2601 par
2174 2530 2307 2598 est,
2368 2515 2635 2581 honore

721 2602 840 2663 hos
887 2622 1017 2662 non
1063 2601 1390 2680 afficiunt,
1451 2607 1901 2669 auctoritatem
1943 2601 2301 2667 eorundem
2345 2622 2480 2664 non
2524 2623 2638 2667 su·

725 2702 1039 2750 stentant=
1086 2702 1310 2773 utpote
1353 2714 1477 2775 per
1515 2692 1689 2776 quod
1729 2693 1993 2766 fervor,
2037 2690 2308 2773 energia
2345 2688 2637 2773 pondus-

724 2796 850 2859 que
895 2774 964 2836 in
1006 2777 1392 2861 exequendo
1436 2779 1728 2863 magistri
1782 2797 2053 2842 munere
2099 2775 2473 2839 debilitatur
2515 2788 2634 2839 aut

724 2876 905 2925 certe
951 2862 1376 2929 vehementer
1416 2864 1790 2949 impeditur.
1853 2868 1919 2953 2)
1956 2868 2240 2927 Peccant
2277 2871 2489 2925 autem
2528 2863 2633 2923 in·

727 2948 1002 3034 signiter
1057 2950 1183 3034 ipsi
1241 2952 1569 3036 magistri,
1632 2951 1693 3034 a)
1751 2953 1898 3034 qui,
1960 2951 2069 3012 vix
2115 2947 2490 3022 semidocti,
2555 2949 2629 3011 in

715 3057 947 3098 munus
1010 3036 1291 3100 docendi
1346 3040 1682 3116 irrepunt3
1749 3036 1817 3119 b)
1865 3035 1977 3119 qui
2026 3034 2108 3099 de
2156 3035 2629 3119 discipulorum

719 3121 1022 3202 profectu
1059 3142 1279 3200 parum
1322 3119 1589 3194 solliciti
1621 3115 1953 3203 propriam
1985 3120 2255 3205 gloriam
2279 3165 2297 3196 ,
2333 3120 2630 3197 laudem,

718 3204 886 3264 male
949 3224 1250 3276 sanorum
1309 3205 1616 3285 juvenum
1677 3206 2006 3282 favorem,
2074 3222 2183 3271 aut
2237 3209 2417 3270 lucra
2464 3223 2627 3270 tem-

722 3287 972 3371 poralia
1027 3304 1382 3371 quaerunt3
1452 3287 1514 3373 c)
1562 3292 1677 3376 qui
1730 3292 2012 3377 indignis
2071 3295 2312 3379 optima
2369 3315 2628 3358 morum

720 3388 788 3435 et
850 3372 1207 3436 litterarum
1270 3376 1634 3441 testimonia
1695 3380 2097 3466 largiuntur,
2173 3396 2281 3445 aut
2337 3382 2625 3466 partium

724 3458 950 3520 studiis
988 3459 1194 3545 abripi
1228 3484 1298 3526 se
1339 3462 1578 3526 sinunt.
1893 3471 1901 3478 ’

1496 3631 1718 3700 .632.

966 3707 1056 3843 ἢ1))
1123 3630 2222 3849 Paedngogorumr

760 3916 922 3990 Hoc
963 3917 1132 3991 loco
1187 3929 1354 3994 tum·
1394 3925 1460 4011 1)
1511 3920 1736 3994 dotes
1772 3908 2405 4023 paedagogorum,
2460 3935 2622 3997 tum

558 4022 635 4194 ἓ)
658 4016 920 4114 qffi’cia
954 4022 1324 4121 generalia
1367 4024 1865 4127 specialiaque
1903 4028 2162 4131 paucis
2198 4027 2625 4104 indicanda.

623 4144 794 4195 orro
1256 4157 1263 4162 2
