2846 4770
518 333 649 418 555³
666 336 780 398 De
793 336 1041 411 christ.
1054 338 1305 416 virtut..
1318 332 1905 423 perfectionisque
1921 335 2273 403 subsidiis.
2293 335 2482 400 ὅσοι.
2507 335 2636 401 ΙΙ.

618 507 686 601 '0
737 506 801 593 s)
849 506 1091 574 Contra
1131 506 1264 573 hoc
1306 505 1651 573 sanctioris
1705 505 1877 578 vitae
1934 504 2373 586 adiumentum
2431 506 2654 591 plura

707 594 1067 663 obmoveto
1104 594 1304 682 idque
1345 593 1678 659 criminari
1719 595 1936 659 solent
1978 594 2275 656 nonnulli
2310 615 2347 656 a
2387 594 2646 678 spiritu

692 684 1036 769 'evangelii
1092 702 1365 769 prorsus
1408 681 1643 759 alieni,
1702 680 1815 766 qui
1857 700 2152 744 asserere
2208 702 2347 743 non
2390 702 2645 744 veren-

635 786 641 794 “
703 783 852 834 tur:
914 768 977 856 a)
1024 765 1153 834 boe
1195 768 1505 835 castitatis
1546 770 1955 855 propositum
1999 780 2261 832 servatu
2304 767 2636 852 possibile

703 857 881 921 baud
913 878 1098 936 esse3
1154 853 1227 942 b)
1267 856 1337 922 id
1375 877 1413 919 a
1451 878 1505 922 s.
1539 855 1748 920 Paulo
1797 855 2007 919 solum
2042 874 2168 939 pro
2219 855 2321 917 sui
2371 868 2635 937 tempo-

703 945 800 1007 ris
855 945 1217 1010 calamitate
1276 942 1481 1007 fuisse
1538 942 2094 1019 commendatum3
2159 940 2289 1005 imo
2319 945 2401 1026 c)
2451 942 2626 1004 vitae

706 1032 974 1097 caelibis
1008 1031 1291 1100 studium
1312 1031 1688 1095 Platonicae
1717 1028 2317 1113 Pythagoricaeque
2356 1028 2630 1091 scholae

703 1118 1122 1222 praejudiciis
1146 1117 1407 1194 deberi3
1442 1116 1508 1203 d)
1532 1115 1696 1180 illud
1718 1137 1755 1178 a
1774 1115 2075 1178 Patribus
2110 1117 2232 1198 'per
2252 1115 2418 1177 haee
2439 1135 2632 1198 prae·

703 1204 942 1289 judicia
1002 1203 1206 1290 captis
1272 1203 1476 1268 fuisse
1527 1193 2022 1267 immoderatius
2083 1216 2275 1286 atque
2337 1201 2627 1265 fanatice

704 1293 901 1355 etiam
939 1289 1490 1368 commendatum3
1550 1291 1682 1354 imo
1721 1292 1785 1376 e)
1831 1289 1912 1356 ab
1939 1288 2270 1352 ‘ecclesiae
2308 1288 2642 1372 praesuli-

703 1378 827 1442 bus
866 1397 949 1442 ex
988 1380 1397 1443 dominandi
1430 1378 1719 1441 libidine
1749 1396 1875 1460 per
1909 1374 2323 1458 tyrannidem
2358 1374 2625 1438 clericis

584 1517 591 1524 ,
704 1467 1085 1545 obtrusum;
1126 1462 1180 1547 f)
1216 1461 1840 1548 perexperientiam
1877 1482 2025 1526 esse
2057 1463 2489 1546 pessimorum
2524 1462 2630 1525 ei-

532 1556 569 1622 ss:
700 1552 1028 1627 fectuum,
1072 1551 1205 1616 imo
1238 1550 1578 1615 eriminum
1612 1569 1866 1616 causam
1903 1563 2010 1612 aut
2043 1549 2459 1612 occasionem
2491 1562 2628 1613 etc.

700 1639 792 1702 At
829 1659 992 1705 vero
1027 1638 1193 1718 baec
1207 1637 1526 1724 pluraque
1548 1635 1736 1719 bujus
1760 1636 2094 1699 commatis
2128 1650 2478 1698 scommata
2504 1636 2625 1697 du·-

702 1726 861 1788 dum
916 1748 953 1789 a
1012 1724 1172 1789 viris
1230 1722 1440 1787 doctis
1500 1722 1825 1787 confutata
1882 1722 1992 1785 vix
2046 1743 2370 1806 responso
2427 1720 2630 1806 digna

654 1849 659 1854 ·
698 1826 870 1878 sunt.
928 1810 1286 1877 Enimvero
1321 1812 1384 1896 2)
1422 1802 1729 1874 dastitatis
1767 1823 2122 1895 perpetuae
2156 1808 2220 1893 a)
2259 1810 2482 1872 stricta
2517 1830 2634 1871 cu-

702 1898 914 1964 stodia
958 1919 1122 1983 opus
1165 1896 1428 1982 quidem
1472 1896 1781 1971 arduum,
1846 1910 2126 1961 attamen
2173 1895 2542 1960 certissime
2588 1918 2628 1958 a

702 1984 1090 2073 quibusdam
1120 1983 1502 2069 prophetis,
1548 2004 1585 2048 a
1621 2005 1674 2049 s.
1711 1983 1949 2059 Paulo,
1991 2004 2029 2046 a
2066 2006 2118 2047 s.
2144 1985 2183 2045 J
2189 2004 2395 2045 oanne
2428 1977 2630 2047 evan-

701 2072 973 2157 gelista,
1033 2072 1112 2135 ab
1156 2070 1518 2136 innumeris
1572 2070 1910 2156 utriusque
1967 2091 2162 2133 sexus
2206 2067 2510 2132 fidelibus
2554 2069 2629 2154 in

696 2158 1030 2244 primaeva
1073 2157 1390 2233 ecclesia,
1458 2156 1633 2242 quod
1690 2178 1773 2220 ex
1816 2156 2051 2220 Justini
2109 2171 2179 2220 et
2221 2156 2623 2234 Tertulliani

699 2244 1003 2330 apologia
1035 2244 1310 2330 aliisque
1349 2242 1728 2308 certissimis
1765 2242 2169 2306 documentis
2201 2256 2491 2318 constat,
2527 2242 2630 2303 in-

701 2351 902 2415 super
934 2331 1166 2395 babitis
1204 2331 1396 2393 variis
1433 2329 1766 2396 illecebris
1794 2328 2389 2416 tentationibusque
2415 2327 2626 2393 fuisse

695 2432 921 2481 sancte
984 2416 1376 2479 custoditum
1400 2460 1418 2491 ,
1485 2438 1680 2483 nemo
1739 2417 1865 2481 nisi
1936 2418 2268 2501 improbus
2336 2416 2622 2500 negarit.

698 2501 867 2595 Quis
912 2522 989 2565 er
1028 2502 1077 2566 'o
1120 2502 1190 2565 id
1234 2503 1580 2568 consilium
1624 2519 1885 2571 servatu
1930 2526 2051 2588 per
2094 2525 2165 2568 se
2209 2503 2618 2587 impossibile

607 2652 611 2654 ,
701 2587 1024 2660 somniet.
1094 2587 1160 2674 b)
1212 2589 1540 2663 Christum
1597 2604 1812 2654 autem
1868 2606 1936 2656 et
1981 2613 2029 2655 s.
2076 2590 2347 2653 Paulum
2389 2589 2459 2652 id
2506 2611 2624 2674 ge·

694 2674 975 2740 neratim
1014 2689 1084 2740 et
1117 2675 1421 2741 universe
1444 2718 1463 2748 ,
1522 2696 1654 2737 non
1693 2676 1902 2741 relate
1943 2671 2024 2739 ad
2063 2677 2163 2746 sui
2211 2676 2358 2740 aevi
2392 2676 2622 2758 adjun-

694 2775 834 2838 cta,
877 2761 1098 2826 habito
1139 2776 1354 2826 tamen
1396 2760 1478 2824 ad
1521 2783 1879 2846 personas,
1939 2784 2103 2849 quae
2147 2785 2184 2826 a
2228 2766 2375 2827 Deo
2411 2763 2502 2824 ‘ad
2545 2762 2620 2824 id

695 2861 966 2914 vocatae
1015 2848 1355 2925 videntur,
1409 2862 1720 2933 respectu
1763 2849 2285 2925 commendasse,
2342 2870 2438 2913 et
2472 2869 2619 2911 sco·

693 2956 829 3021 po,
882 2935 1130 3001 fiueet
1185 2936 1545 2999 rationibus
1603 2935 1958 3021 designatis
2016 2936 2422 3000 manifestum
2467 2948 2615 3016 est3

694 3021 975 3108 proinde
1019 3021 1086 3107 c)
1122 3020 1234 3109 qui
1269 3021 1337 3084 id
1388 3023 1687 3087 ethnicae
1731 3023 2186 3108 philosophiae
2222 3037 2476 3107 partum
2514 3021 2615 3082 di-

649 3111 903 3181 .xerit,
964 3107 1294 3171 Christum
1338 3110 1533 3172 etiam
1578 3129 1647 3183 et
1687 3108 1959 3173 Paulum
2004 3110 2145 3192 ejus
2190 3108 2612 3192 praejudiciis

695 3210 920 3278 captos
951 3195 1384 3278 blasphemat3
1427 3195 1493 3282 d)
1521 3195 1684 3259 illud
1713 3194 2020 3260 castitatis
2044 3195 2326 3260 studium
2354 3218 2389 3257 a
2417 3196 2616 3278 patri·-

694 3282 817 3343 bus
838 3281 1154 3356 omnibus,
1186 3280 1343 3345 licet
1360 3301 1395 3344 a
1414 3281 1796 3368 quibusdam
1822 3282 2170 3369 aliquando
2192 3280 2612 3366 magnificen-

693 3369 821 3430 tius
866 3365 1448 3455 vehementiusque
1504 3369 2057 3446 commendatum,
2119 3371 2231 3456 qui
2274 3368 2616 3433 ambitioni

695 3475 926 3517 eorum
945 3454 1194 3530 tribuit,
1227 3455 1405 3518 viros
1430 3475 1655 3533 omnes
1675 3455 2109 3523 sanctissimos
2128 3455 2475 3530 criminari,
2501 3469 2615 3519 aut

698 3540 1064 3604 ambitionis
1083 3540 1533 3629 fanatismique
1559 3565 1715 3607 reos
1738 3564 1936 3629 agere
1957 3543 2170 3610 audet.
2205 3546 2293 3606 At
2314 3564 2442 3628 quo
2464 3541 2614 3607 fun-

697 3629 1038 3703 damento,
1072 3650 1218 3714 ¹qua
1253 3629 1397 3694 veri
1433 3630 1703 3717 specie?
1759 3631 1891 3704 imo
1927 3653 2051 3717 qua
2095 3652 2227 3694 non
2272 3628 2615 3712 impuden-

689 3713 845 3791 tia&
889 3713 955 3798 e)
1004 3713 1176 3782 idem
1222 3735 1383 3781 vero
1429 3719 1598 3801 juste
1639 3717 1932 3803 'praecipi
1976 3717 2263 3801 potuisse
2310 3715 2614 3792 clericis,

698 3803 854 3866 alibi
923 3801 1050 3889 176)
1113 3804 1473 3868 rationibus
1535 3804 1705 3866 haud
1769 3803 2159 3888 spernendis
2226 3803 2616 3867 monstravi-

695 3911 839 3952 mus
855 3911 876 3970 3
938 3891 1050 3953 ubi
1093 3891 1316 3955 itidem
1362 3891 1414 3968 f)
1463 3891 1844 3955 caelibatum
1900 3911 2031 3951 non
2079 3890 2422 3954 criminum
2466 3889 2614 3951 fon-

696 3990 865 4053 tem,
901 3977 1021 4041 sed
1053 3998 1135 4041 ex
1168 4001 1198 4041 s
1241 3979 1428 4041 Pauli
1459 3976 1751 4044 doctrina
1786 3978 2095 4062 optimum
2132 3975 2391 4044 virtutis
2420 3997 2612 4063 prae·

622 4177 764 4263 176)
813 4179 961 4244 Vid.
1002 4202 1174 4267 fucas
1215 4166 1490 4249 institut.
1519 4165 1960 4272 §tanecel-,115
1982 4170 2065 4246 11
2102 4175 2168 4269 §¹5
2199 4146 2449 4267 &fvge-n.
2517 4257 2523 4263 ι
