2846 4770
322 381 327 384 ·
398 359 470 426 G.
488 354 631 424 ΙΙΙ.
641 354 754 431 De
773 356 1031 439 adfum,
1053 358 1553 462 ebriatur-tut.
1574 339 2181 431 ecetram-dinariis.
2219 354 2347 445 559
2404 335 2420 347 ⁹

214 574 246 582 ψ
268 541 293 566 ·-
438 527 674 590 sidium
709 549 857 592 esse
893 529 1310 598 ostendimus.
1357 534 1572 595 Porro
1605 529 1762 616 quid
1798 529 2002 594 sancti
2038 544 2172 606 est,
2195 552 2344 613 rquo

423 614 582 677 mali
625 615 922 677 homines
968 611 1521 693 non'abutantur‚
1549 633 1692 704 ‘aut
1736 638 1820 680 ex
1856 637 1984 702 quo
2028 618 2345 700 peccandi
2395 665 2400 669 -

392 723 644 764 -ansam
690 722 824 766 non
867 703 1165 771 sumant?
1230 703 1564 796 Quidquid
1615 725 1778 787 ergo
1838 704 1989 765 mali
2033 725 2116 765 ex
2161 723 2346 766 occa·

424 789 612 851 sione
665 788 1019 851 caelibatus
1065 791 1326 855 videtur
1377 793 1771 876 contigisse,
1823 813 1956 853 non
1992 790 2114 874 ipsi
2152 792 2347 854 caeli-

419 875 635 947 batui,
676 875 791 937 sed
825 877 1149 938 hominum
1173 923 1188 950 ,
1227 879 1339 963 qui
1373 880 1514 960 ejus
1550 878 1851 942 servandi
1892 876 2210 961 praesidia
2232 895 2343 944 ne-

421 962 735 1045 glexere,
781 963 939 1024 vitio
977 964 1494 1029 adscribendum.
1565 967 1762 1029 Certe
1815 965 1868 1026 si
1908 965 2201 1026 homines
2236 979 2345 1026 aut

420 1049 737 1111 caelibem
787 1063 1018 1112 statum
1062 1073 1194 1112 non
1238 1052 1694 1135 imprudenter
1738 1053 2016 1136 eligant,
2064 1065 2170 1112 aut
2217 1053 2341 1115 sal-

414 1148 549 1198 tem
597 1135 881 1197 subsidia
928 1138 1236 1200 castitatis
1283 1140 1643 1204 servandae
1698 1140 1911 1201 omnia
1956 1137 2339 1205 adhibeant&

413 1222 823 1306 propositum
880 1237 989 1285 aut
1051 1240 1269 1290 votum
1330 1226 1639 1289 castitatis
1697 1246 1913 1311 neque
1972 1225 2098 1287 erit
2144 1246 2341 1288 ‘occa-

414 1309 548 1383 sio,
595 1309 832 1371 nedum
869 1329 1057 1372 causa
1097 1313 1453 1388 malorum,
1500 1312 1619 1377 sed
1660 1313 1970 1396 optimum
2006 1311 2199 1375 etiam
2240 1331 2343 1373 ca-

414 1396 645 1458 stitatis
692 1407 872 1459 certo
914 1400 1268 1462 servandae
1312 1398 1743 1484 praesidium,
1803 1414 1873 1461 et
1911 1397 2336 1480 perfectionis

354 1563 357 1564 ⁷
392 1483 811 1565 ‘christianae'
842 1483 1283 1565 adjumentum
1315 1485 1961 1569 praestantissimum.

323 1565 434 1653 *ἢ
483 1570 792 1633 Ceterum
835 1567 894 1651 1)
939 1570 1066 1634 hoc
1106 1573 1255 1635 loco
1299 1571 1658 1636 recolenda
1696 1585 1881 1643 sunt,
1943 1590 2106 1654 quae
2145 1591 2338 1655 supe·

409 1656 553 1718 rius
615 1657 696 1718 de
753 1656 911 1719 vitio
953 1658 1307 1727 ,luxuriae
1352 1659 1616 1721 vitando
1665 1657 1749 1738 (§.
1801 1655 2217 1737 180—185.)
2267 1670 2337 1718 et

416 1741 501 1806 de
533 1746 860 1805 castitate
891 1743 1166 1806 colenda
1203 1744 1283 1823 (§.
1318 1744 1532 1828 555.);
1579 1744 1734 1806 item
1771 1763 1936 1826 quae
1972 1741 2055 1804 de
2091 1745 2331 1820 vidua-15

398 1824 570 1892 'rum
615 1826 854 1890 officiis
902 1830 986 1914 (§.
1033 1831 1181 1919 596.
1225 1854 1291 1893 n.
1342 1833 1428 1916 2.)
1477 1846 1546 1894 et
1590 1830 1672 1892 de
1705 1827 2035 1910 filiarum
2082 1831 2328 1896 educa-

414 1919 600 1978 tione
637 1914 720 1998 (§.
755 1914 904 1981 602.
939 1938 1004 1976 n.
1043 1919 1125 1999 1.)
1161 1917 1548 1986 monuimus.
1595 1915 2043 1980 certissimum
2071 1928 2191 1987 est,
2229 1932 2333 1978 ca-

411 2002 644 2063 stitatis
678 2021 896 2088 curam
933 2002 1002 2063 in
1035 2018 1227 2067 statu
1260 2026 1670 2086 quocunque
1689 2023 1836 2065 esse
1871 1998 2329 2075 necessariam,

409 2089 797 2171 praesertim
830 2088 898 2149 in
918 2090 1282 2171 conjugali
1294 2117 1319 2164 ,·
1357 2112 1504 2151 nam
1532 2091 1785 2153 facilius
1806 2086 1948 2151 fere
1985 2093 2105 2163 est,
2143 2106 2331 2171 pror·
2397 2098 2407 2112 ·

412 2196 520 2237 sus
559 2197 593 2235 a
626 2195 910 2254 venerea
950 2174 1277 2255 voluptate
1313 2176 1642 2240 abstinere
1665 2222 1681 2253 ,
1721 2198 1910 2260 quam
1946 2176 2011 2242 in
2044 2196 2166 2237 usu
2194 2193 2334 2234 mov

409 2260 561 2322 dum
609 2282 868 2345 semper
912 2273 1166 2324 tenere.
1233 2263 1458 2340 Unde,
1520 2264 1699 2348 quod
1744 2262 2048 2324 observat
2092 2284 2150 2329 s.
2200 2258 2323 2320 Sa'-

406 2347 672 2426 lenus,
721 2351 888 2412 sicut
922 2348 1161 2411 multos
1186 2347 1421 2414 divites
1454 2372 1587 2414 non
1615 2371 1696 2418 ex
1731 2347 2158 2421 necessitate,
2207 2342 2329 2406 sed

404 2454 488 2498 ex
524 2435 875 2518 cupiditate
916 2435 1211 2499 videmus
1249 2438 1463 2499 aliena
1495 2457 1753 2521 rapere,
1802 2439 1896 2499 sic
1935 2436 2126 2498 etiam
2165 2430 2327 2494 mul·

396 2535 505 2584 tos
552 2525 933 2606 conjugatos
977 2521 1060 2583 ob
1106 2521 1309 2582 solam
1354 2522 1916 2605 intemperantiam
1961 2520 2329 2584 libidinem·

400 2629 567 2692 que,
628 2630 760 2670 non
820 2609 1112 2671 obstante
1172 2606 1504 2690 legitimo,
1568 2607 1670 2669 cui
1718 2608 2080 2672 adhaerere
2128 2605 2368 2691 debeffi

403 2711 588 2769 rent,
653 2696 911 2775 objecto
957 2692 1249 2757 videmus
1300 2715 1449 2756 esse
1509 2692 1861 2756 dissolutos
1908 2707 1975 2754 et
2020 2692 2322 2758 iascivos.

404 2782 947 2864 Concupiscentia
992 2781 1166 2842 enim
1223 2780 1360 2863 igni
1403 2779 1576 2841 haud
1621 2778 1930 2840 absimilis
1976 2791 2160 2839 certo
2210 2777 2327 2836 ob-

399 2867 576 2950 jecto
626 2869 792 2930 haud
842 2869 1171 2940 inhaeret,
1229 2868 1345 2930 sed
1393 2867 1523 2927 huc
1567 2865 1855 2949 illucque
1901 2863 2211 2925 discurrit
2253 2877 2324 2925 et

393 2955 696 3017 incendia
738 2952 1007 3038 spargit,
1075 2953 1295 3048 Quare
1340 2957 1658 3037 conjuges
1687 2950 1995 3035 ,inprimis
2041 2949 2322 3013 castitati

399 3042 729 3126 conjugali
769 3041 1123 3104 servandae
1163 3040 1529 3104 cautissime
1571 3038 1951 3122 invigilent3
2013 3052 2205 3117 atque
2245 3032 2315 3117 2)

399 3128 706 3191 castitatis
730 3150 989 3214 quoque
1013 3128 1356 3191 consilium
1393 3129 1461 3190 in
1495 3141 1687 3190 statu
1713 3123 2073 3203 conjugali
2089 3122 2319 3201 itidem

401 3215 875 3301 quodammodo
918 3235 1183 3278 servare
1224 3213 1558 3276 studeant:
1619 3211 1794 3295 quod
1832 3208 2113 3287 faciunt,
2162 3209 2216 3296 si
2250 3203 2313 3289 a)

397 3307 522 3383 qui
558 3305 812 3365 habent
848 3324 1149 3378 uxores,
1213 3314 1541 3382 tanquam
1586 3319 1722 3360 non
1760 3298 2085 3361 habentes
2117 3300 2313 3377 sint,-

401 3387 456 3448 si
495 3408 613 3449 cor
647 3388 910 3451 minime
949 3386 1261 3459 divisum,
1306 3387 1363 3447 si
1398 3386 1669 3447 animam
1701 3382 2171 3444 immaculatam
2208 3381 2320 3441 ha-

395 3474 594 3549 bere,
658 3474 712 3536 si
758 3477 903 3538 Deo
951 3473 1062 3534 uni
1118 3472 1383 3555 placere
1432 3470 1731 3535 studeant
1778 3466 1945 3551 177),
2005 3469 2136 3531 imo
2181 3466 2317 3528 for·-

393 3575 459 3633 te
520 3561 881 3624 secundum
939 3557 1221 3643 apostoli
1279 3558 1625 3623 consilium
1675 3555 1802 3638 178)
1849 3578 1933 3618 ex
1990 3574 2317 3618 consensu

397 3648 478 3710 ad
523 3663 813 3731 tempus,
860 3663 931 3709 ut
973 3658 1205 3710 vacent
1248 3646 1561 3719 orationi,
1610 3644 1687 3705 ab
1734 3664 1854 3704 usu
1900 3640 2182 3724 conjugii
2232 3638 2316 3700 si-

393 3735 460 3795 bi
501 3735 888 3820 quandoque
929 3747 1316 3816 temperent.
1375 3735 1589 3794 Porro
1628 3731 1695 3814 5)
1739 3730 1784 3788 ii
1832 3727 2063 3803 etiam,
2123 3724 2233 3804 qui
2275 3745 2312 3785 a

391 3822 672 3904 nuptiis,
742 3842 901 3907 quas
962 3818 1387 3894 desiderant,
1437 3815 2026 3902 quomodocunque
2091 3810 2310 3893 prohi-

282 3944 286 3951 ·
392 3906 665 3984 beatur,
712 3929 795 3970 ex
829 3906 1259 3982 necessitate,
1316 3920 1389 3970 ut
1423 3906 1640 3989 ajunt,
1694 3903 1998 3967 virtutem
2032 3897 2306 3981 faciant;

208 4062 930 4271 thl.
970 4114 1073 4186 29·
1104 4099 1209 4169 55.
1247 4119 1388 4195 sqq.
