2846 4770
255 378 323 449 C.
350 377 468 451 Vl,
494 354 661 439 Art.
684 370 820 441 111.
848 375 952 436 De
974 377 1313 457 quor-und.
1335 374 1568 445 eletio.
1595 344 2162 461 obligationibus.
2207 354 2345 442 ²2¹.

365 580 372 585 ·
433 565 624 634 quam
666 543 864 629 vulgo
899 557 1127 630 putant
1159 565 1305 610 esse
1348 545 1573 611 horam
1608 546 1927 613 minorem
1967 569 2050 613 ex
2085 548 2339 613 brevis«

435 636 543 697 rio
558 636 874 706 Romano,
909 630 1325 696 omissionem
1339 634 1730 718 culpabilem
1761 634 1971 718 culpis
2002 635 2155 700 item
2193 657 2334 722 gra-

435 720 624 786 vibus
684 718 883 802 vulgo
944 734 1310 784 accensent.
1377 721 1511 784 Sed
1565 721 1738 786 enim
1791 743 1985 806 quum
2039 723 2187 789 heic
2236 721 2331 785 nil

438 807 608 871 certi
660 803 1071 869 constitutum
1125 805 1504 883 habeamus,
1571 807 1836 871 arduum
1898 808 2153 871 videtur
2200 808 2331 870 imo

433 890 887 966 temerarium,
936 891 1081 955 heio
1126 890 1391 957 definite
1438 893 1763 978 quidpiam
1802 895 1974 957 velle
2022 909 2328 957 statuere.

435 980 513 1042 Id
556 990 839 1052 eertum,
900 976 969 1062 5)
1014 977 1501 1055 beneficiatum,
1567 981 1690 1065 qui,
1721 995 1868 1063 post
1911 1002 2025 1043 sex
2068 1003 2102 1042 a
2147 995 2329 1062 capta

433 1064 741 1130 beneficii
772 1065 1185 1147 possessione
1229 1067 1448 1151 quieta
1492 1088 1746 1130 menses
1791 1068 2065 1151 negligit
2105 1068 2331 1139 horas,

433 1155 688 1216 fruetus
729 1168 862 1213 non
904 1150 1125 1216 facere
1172 1173 1360 1230 suos3
1420 1174 1734 1238 eumque,
1781 1154 1890 1238 qui
1931 1177 2160 1216 omnes
2199 1153 2332 1215 diei

431 1240 629 1306 horas
667 1238 936 1312 omittit,
982 1237 1231 1306 fructus
1264 1239 1440 1302 illius
1480 1240 1609 1303 diei
1647 1262 1917 1317 omnes,
1966 1239 2076 1322 qui
2113 1253 2328 1304 matu·

435 1330 661 1390 tinum
683 1338 923 1386 tantum
942 1325 1384 1399 intermiserit,
1425 1328 1811 1403 dimidium,
1853 1324 2187 1411 quianam
2211 1327 2326 1385 Ιιο-

438 1432 588 1473 ram
635 1411 1039 1494 neglexerit,
1101 1427 1370 1477 sextam
1411 1410 1736 1477 fructuum
1783 1411 1846 1473 ei
1890 1410 2022 1474 diei
2065 1431 2333 1492 respon-

434 1495 723 1559 dentium
752 1512 1002 1580 partem
1021 1499 1394 1572 restituere,
1430 1520 1549 1561 seu
1580 1498 1646 1558 in
1681 1499 1998 1561 eeclesiae
2023 1497 2333 1558 fabricam

432 1605 840 1667 pauperesve
879 1585 1257 1669 impendere
1305 1592 1451 1647 ante
1491 1606 1747 1646 omnem
1794 1584 2176 1647 sententiam
2222 1581 2332 1643 tle·
2388 1622 2395 1641 1

436 1671 628 1744 bere3
674 1693 709 1731 a
756 1693 881 1756 qua
926 1670 1312 1738 restituendi
1357 1671 1751 1753 obligatione
1797 1692 1918 1754 per
1962 1669 2138 1733 datas
2184 1681 2330 1735 ante

439 1755 884 1838 eleemosynas
945 1780 1137 1822 nemo
1202 1758 1559 1820 absolvitur
1624 1756 1777 1842 150).
1865 1756 1998 1818 Sed
2060 1755 2142 1816 de
2205 1753 2330 1835 hoe

440 1841 589 1904 alibi
635 1843 761 1928 161)
803 1867 859 1929 ςιι
920 1866 1022 1909 me
1077 1859 1309 1910 actum.
1371 1838 1682 1917 ‚Ceterum
1738 1841 1804 1925 4)
1866 1841 2174 1927 obligatio
2217 1840 2326 1901 ho·

433 1949 540 1990 ras
597 1933 915 1999 recitandi
974 1931 1329 2005 beneficio,
1392 1931 1551 1995 licet
1591 1929 1803 2004 tenui,
1876 1927 2173 1992 fruentes
2202 1927 2337 1999 pob-

433 2016 716 2103 stringit.
776 2018 905 2113 Qui
950 2035 1161 2085 autem
1199 2019 1360 2080 eitra
1401 2019 1658 2101 eulpam
1702 2035 1880 2087 suam
1934 2016 2108 2080 omni
2152 2013 2332 2076 ‹lein-

430 2123 592 2185 eeps
650 2104 970 2169 fructuum
1031 2104 1436 2189 percipiendi
1494 2125 1609 2188 spe
1665 2103 2010 2178 excidunt,
2075 2101 2154 2165 ab
2206 2101 2329 2162 hae

359 2253 369 2259 ,
430 2189 863 2275 obligatione,
928 2193 1056 2255 nisi
1113 2192 1244 2261 alio
1304 2193 1496 2262 etiam
1552 2196 1635 2255 ex
1688 2189 1882 2253 titulo
1943 2200 2325 2262 teneantur,

430 2277 674 2349 exemti
715 2295 1080 2349 censentur.

1167 2456 1226 2534 §.
1271 2456 1419 2526 661.

260 2582 326 2667 5)
373 2584 775 2666 ‘Obsco-tum,
819 2608 939 2652 seu
976 2587 1083 2663 id,
1134 2585 1227 2646 ad
1266 2585 1453 2672 quod
1494 2596 1807 2647 tenentur
1845 2582 1940 2643 ad
1979 2581 2190 2642 horas
2228 2577 2328 2639 di-

386 2683 390 2692 '
977 2672 1227 2734 crudas
1266 2671 1603 2735 obstricti.

467 2829 864 2930 objectum
882 2828 1365 2925 obligationis
1383 2825 1613 2928 hujus
1628 2841 1736 2897 est
1757 2829 2162 2919 integrum,
2183 2820 2337 2891 diei

259 2932 499 3005 cuivis
537 2934 855 3026 affixum,
897 2930 1237 3031 officium
1257 2933 1712 3004 canonicum
1752 2926 2161 3002 secundum
2185 2927 2335 2993 Ro-

253 3061 523 3110 manae
569 3035 686 3110 vel
728 3040 1075 3137 propriae
1122 3033 1480 3116 ecclesiae
1522 3030 1972 3107 breviarium
2016 3027 2333 3102 recitan-

259 3139 445 3213 dum
511 3144 615 3233 ³¹²).
693 3143 931 3217 Porro
1004 3146 1080 3232 1)
1154 3166 1466 3238 pensum
1531 3136 1976 3210 canonicum
2042 3146 2333 3230 septem

256 3245 601 3326 continet
641 3262 928 3344 partes,
997 3268 1128 3316 seu
1167 3244 1385 3317 horas
1428 3242 1531 3341 (ἕ.
1576 3242 1748 3317 653.
1793 3268 1867 3316 n.
1920 3241 2054 3330 1.),
2112 3234 2332 3308 nimi-

251 3373 420 3419 rum
447 3354 511 3438 a)
540 3354 997 3422 matutinum
1016 3346 1235 3419 simul
1258 3373 1426 3419 cum
1448 3344 1850 3432 laudibus;
1884 3342 1960 3433 b)
1978 3345 2334 3436 primam,
2404 3382 2419 3392 κ

250 3456 324 3532 c)
348 3456 689 3543 tertiam,
738 3454 822 3544 d)
845 3468 1182 3541 sextam,
1230 3458 1304 3543 e)
1333 3476 1639 3540 nonam,
1684 3449 1747 3539 f)
1775 3470 2133 3544 vesperas
2155 3459 2228 3515 et
2254 3447 2330 3534 g)

253 3558 839 3651 completorium
867 3559 1014 3648 ²³³³).
1068 3557 1460 3628 Praeterea
1506 3560 1577 3639 2)
1628 3551 1850 3625 veluti
1890 3567 2137 3651 partes
2182 3544 2334 3617 offi-

255 3660 376 3732 cio
428 3657 1188 3751 canonieojadnexae
1241 3685 1376 3757 per
1422 3682 1897 3729 communem
1943 3665 2333 3727 consuetu·

342 3933 490 4018 160)
542 3936 788 4003 Concil.
831 3938 1099 4003 lateran.
1145 3940 1226 4003 V.
1275 3958 1432 4002 sess.
1479 3962 1538 4025 9.
1587 3949 1655 3999 et
1699 3935 1876 3996 bulla
1926 3930 2026 3991 Pii
2072 3931 2169 3995 V..
2224 3926 2341 3992 Ex

418 4027 741 4100 proximo
784 4038 910 4094 ete.
954 4027 1029 4093 A,
1079 4023 1259 4105 1571.
1305 4047 1386 4087 ex
1440 4024 1712 4089 damnat,
1755 4040 2021 4105 propos.
2066 4018 2144 4078 ab
2189 4014 2335 4075 Ale-

371 4149 377 4156 ,
418 4106 609 4171 xand.
653 4113 787 4175 VII.
828 4135 889 4178 n.
923 4127 1026 4178 20.
1066 4126 1133 4175 et
1160 4111 1265 4177 55.
1305 4112 1387 4176 of.
1425 4134 1483 4174 e.
1536 4110 1627 4175 15.
1671 4108 1752 4169 de
1794 4106 2130 4191 rescriptis
2167 4103 2233 4165 in
2269 4102 2330 4169 G.

338 4191 487 4278 161)
534 4194 734 4266 Instit.
769 4198 896 4281 jur.
938 4199 1099 4263 eccl.
1140 4220 1202 4284 p.
1243 4202 1323 4264 ΙΙ.
1364 4200 1418 4275 §.
1460 4195 1604 4263 560.
1643 4219 1705 4263 n.
1751 4214 1811 4257 2.
2280 4198 2289 4202 ’
