2846 4770
465 391 536 453 C.
578 386 716 449 III.
766 387 873 449 Dc
902 397 1264 471 parentum
1297 400 1366 451 et
1400 387 1774 454 liberorum
1811 391 2093 478 officiis.
2242 407 2327 480 29

250 564 459 637 ocius
500 557 1091 660 regenerandam
1137 561 1552 659 pertinent,
1622 561 1757 636 sed
1814 580 1886 636 et
1932 589 2118 663 quae
2168 588 2320 636 ma-

148 682 153 685 *
244 668 383 742 tris
426 665 808 765 prolisque
854 664 1148 734 sanitati
1200 665 1610 738 servandae
1655 666 2086 761 consulant,
2158 667 2326 751 sub-

246 771 441 844 sidia
485 769 1012 864 cautionesque
1056 766 1405 841 adhibeat
1450 767 1564 843 vel
1604 787 1978 870 procuret.

335 913 403 999 ³⁵)
450 911 619 973 Hinc
673 911 734 990 1)
784 908 859 974 de
903 910 1324 993 baptismos)
1376 912 1593 975 foetus
1635 914 1993 994 immaturi3
2055 917 2210 978 item
2256 918 2322 1003 b)

302 1034 305 1039 ·
419 998 502 1060 de
543 995 855 1077 baptismo
888 1002 1354 1075 necessitatis,
1403 1013 1474 1060 ut
1507 1014 1770 1074 vocant,
1816 1021 1931 1062 seu
1969 1001 2049 1063 de
2091 1002 2327 1085 baptis·

421 1103 533 1146 mo
580 1080 832 1144 infantis
879 1082 944 1142 in
984 1083 1207 1146 mortis
1252 1084 1550 1165 periculo
1595 1087 1984 1157 constituti,³
2024 1102 2132 1149 aut
2169 1109 2327 1152 non·

380 1212 385 1215 ⁴
427 1169 575 1230 dum
608 1167 671 1226 in
711 1169 924 1230 lucem
961 1189 1230 1251 prorsus
1266 1169 1461 1243 editi,
1506 1185 1614 1233 aut
1650 1172 1773 1254 jam
1818 1172 1976 1234 editi
2010 1173 2134 1236 rite
2175 1193 2326 1238 con-

425 1252 698 1317 ferendo
740 1270 875 1316 tum
922 1255 1305 1319 obstetrices
1344 1270 1475 1318 tum
1522 1273 1823 1340 parentes
1863 1259 2026 1321 bene
2068 1260 2195 1322 sint
2229 1262 2324 1322 in-

424 1339 649 1403 structi
689 1355 755 1402 et
792 1340 1058 1403 maxime
1099 1342 1378 1405 solliciti.
1430 1339 1493 1424 2)
1533 1345 1634 1406 De
1673 1343 1814 1406 aliis
1852 1344 1932 1406 ad
1969 1366 2185 1408 curam
2223 1368 2326 1412 rc·

427 1448 580 1489 cens
624 1427 760 1487 nati
795 1427 1054 1489 infantis
1098 1428 1571 1511 pertinentibus
1616 1431 1694 1512 ii,
1727 1430 1864 1514 .qui
1912 1432 1998 1494 de‘
2038 1431 2135 1493 his
2181 1455 2324 1517 spe·

420 1513 636 1576 ciatim
698 1528 930 1597 agunt,
995 1514 1377 1576 consulendi
1435 1531 1583 1579 sunt
1637 1516 1791 1579 libri
1843 1516 1959 1600 35).
2027 1518 2095 1604 5)
2154 1520 2323 1582 Heio

422 1598 750 1684 generalis
786 1599 1097 1685 quaedam
1131 1599 1575 1669 delibabimus.
1697 1606 1702 1611 ’

1170 1769 1225 1847 §.
1272 1767 1417 1834 600.

255 1899 323 1984 2)
391 1901 586 1984 Erga
636 1898 869 1981 proles
912 1903 986 1962 in
1034 1899 1295 1982 puerili
1335 1910 1564 1963 aetate
1612 1901 1934 1983 inprimis
1978 1896 2040 1983 a)
2097 1903 2327 1983 quoad
2387 1954 2394 1961 .

838 1986 1309 2048 educationem
1342 1987 1738 2069 physicam;

453 2133 565 2203 De
594 2128 838 2203 officio
861 2154 1027 2227 erga
1050 2126 1298 2227 proles
1318 2128 1562 2228 quoad
1586 2128 2124 2204 educationem
2138 2131 2327 2230 phy·

253 2239 490 2308 sicam
545 2234 953 2333 generatim
1010 2236 1389 2331 sequentia
1466 2243 1761 2305 notasse
1818 2234 2167 2315 sufficiat:
2246 2241 2321 2326 1)

255 2342 502 2431 Quum
543 2364 813 2437 corpus
866 2335 1168 2408 infantis
1224 2336 1481 2437 fragile
1537 2337 1937 2411 admodum
1985 2339 2119 2433 sit,
2175 2364 2325 2409 ma-

253 2445 454 2515 xima
510 2443 588 2512 in
633 2439 954 2514 vitandis
1012 2443 1348 2540 corporis
1396 2440 1992 2541 valetudinisque
2039 2444 2330 2543 pericu-

252 2544 349 2617 lis
394 2546 640 2618 cautio
687 2542 1169 2621 adhibeatur:
1235 2545 1453 2643 proin
1507 2549 1576 2636 2)
1628 2563 1929 2641 cuncta,
1989 2574 2175 2645 quae
2223 2546 2329 2617 vi-

261 2664 433 2737 tae,
499 2649 831 2739 sanitati,
904 2648 1304 2746 integritati
1355 2646 1759 2747 roborique
1826 2652 2162 2751 corporis
2216 2651 2328 2720 in-

259 2750 492 2823 fantis
578 2776 843 2822 nocere
932 2770 1256 2847 queunt,
1353 2749 1674 2826 sollicite
1753 2769 2325 2829 removeantur:

260 2868 525 2927 contra
580 2852 663 2948 3)
722 2878 898 2951 quae
950 2852 1045 2925 ad
1105 2854 1367 2942 vitam,
1432 2856 1822 2928 sanitatem
1876 2859 2335 2938 firmitatem,-

264 2984 409 3057 que
467 2956 800 3054 corporis
866 2954 1227 3029 infantilis
1299 2958 1638 3028 conferre
1692 2975 2086 3052 poterunt,
2161 2955 2372 3027 sub-,

263 3061 453 3135 sidia
508 3062 902 3160 diligenter
951 3085 1101 3133 non
1160 3060 1251 3132 ad
1307 3056 1975 3159 praejudicIOru'm,
2050 3058 2184 3132 sed
2236 3056 2336 3132 ad

259 3161 684 3264 regularum
740 3192 780 3237 a
828 3165 1086 3265 peritis
1140 3164 1766 3263 praescriptarum
1809 3164 2155 3237 amussim
2208 3161 2350 3262 ad<

263 3269 682 3342 hibeantur.
754 3277 839 3363 4)
892 3267 1256 3340 Educatio
1302 3293 1443 3341 nec
1497 3268 1792 3340 mollior
1840 3270 1973 3363 sit,
2041 3295 2182 3362 nec
2226 3268 2336 3342 ul·

265 3365 382 3443 tra
419 3374 643 3463 vires,
698 3388 1050 3463 aetatem,
1107 3388 1227 3444 aut
1266 3371 1805 3444 assuetudinem
1848 3374 2064 3448 etiam
2099 3373 2346 3446 infam-

260 3476 361 3547 tis
397 3477 767 3574 rigidior3.
820 3501 960 3549 nec
1010 3474 1209 3548 varia
1255 3477 1515 3567 etiam,
1570 3475 1703 3548 sed
1750 3475 1891 3548 sibi
1937 3496 2327 3553 constans:

342 3688 460 3772 56)
507 3692 586 3751 Ε.
624 3711 684 3771 g.
723 3691 811 3750 D.
854 3691 968 3755 Cle.
991 3692 1351 3776 Hufeland
1382 3705 1573 3775 guter
1593 3692 1760 3754 Rath
1795 3715 1873 3754 an
1897 3697 2141 3755 Miitter
2171 3688 2336 3754 tibet·

437 3774 546 3836 die
590 3775 998 3860 wichtigste'n
1040 3777 1289 3837 Punkte
1341 3777 1460 3840 der
1518 3778 1906 3860 physisehen
1955 3775 2334 3860 Erziehung

426 3861 561 3923 ‘der
594 3857 844 3924 Rinder
878 3863 944 3923 in
985 3862 1109 3923 den
1148 3876 1364 3924 ersten
1405 3864 1662 3930 Jahren.
1712 3865 1934 3927 Berlin
1978 3883 2159 3948 1799.
2204 3863 2335 3926 Be·

336 3978 341 3982 ·
394 3991 401 4004 a
437 3949 690 4008 nedict.
733 3948 1021 4011 Stattlcr
1057 3949 1296 4010 christi.
1339 3950 1737 4013 Sittenlehre
1781 3952 1886 4009 fiir
1926 3947 2051 4009 den
2090 3947 2335 4013 christi.

432 4034 642 4092 Haus—
666 4034 830 4095 oder
858 4034 1378 4102 Familienstand.
1426 4062 1482 4099 1.
1521 4038 1599 4098 Β.
1636 4031 2090 4120 §.156-178,
2137 4040 2334 4117 Aug.

438 4116 680 4264 Hegtgzfi
700 4118 1067 4288 Agctnaeyer
1102 4120 1506 4188 Grundsiitze
1542 4120 1663 4186 der
1694 4118 2093 4206 Erziehung.
2130 4144 2181 4187 1.
2205 4119 2333 4184 Th.

431 4216 497 4265 2.
688 4250 704 4265 .
793 4256 806 4273 .
846 4219 946 4271 κο.
970 4224 1123 4291 sqq.
2221 4223 2232 4234 ¹
