2846 4770
246 379 329 454 θ’.
351 386 451 453 ῙῙ.
468 379 634 461 Art.
655 384 752 449 II.
772 384 1233 480 Adminie'ula
1249 385 1753 452 virtutae-brist.
1772 381 2172 466 praecipua.
2209 372 2343 440 525·

356 579 361 585 ·
422 578 572 624 nam
615 554 1130 620 misericordiam
1186 576 1556 621 exoremus.
1648 551 1781 645 Qui
1838 548 2101 635 quidem
2158 562 2337 611 actus

420 648 492 733 2)
542 665 769 707 omnes
813 664 934 726 per
977 644 1302 705 Christum
1357 658 1427 708 et
1483 662 1630 705 cum
1686 650 2011 722 perpetuo
2056 634 2137 696 ad
2182 655 2340 697 eun-

422 733 575 796 dem
607 746 916 815 respectu
950 732 1328 794 exercendi.
1389 733 1476 792 Ut
1512 743 1725 790 autem
1770 725 1836 807 5)
1876 744 1997 806 per
2039 722 2241 805 ipsam
2284 742 2337 782 s.

419 819 726 902 liturgiae
774 819 1095 881 actionem
1141 818 1220 879 ad
1265 839 1381 881 eos
1429 816 1793 879 eliciendos
1840 813 2336 878 admoneamur,

421 906 728 989 expedit,
777 903 897 965 hos
935 908 1115 968 actus'
1146 905 1304 987 ipsis
1339 927 1388 965 s.
1427 903 1727 986 liturgiae
1766 898 2053 980 partibus
2088 914 2339 956 accom-

421 994 710 1058 modare.
771 991 959 1082 Unde
1005 994 1070 1068 4)
1118 992 1224 1053 hic
1270 992 1581 1052 similisve
1622 983 2337 1069 sacrifieioadstandi

424 1081 674 1142 modus
713 1078 961 1141 servari
994 1080 1274 1161 poterit:
1333 1078 1635 1138 nimirum
1671 1088 1816 1134 ante
1861 1067 2071 1131 omnia
2108 1065 2169 1148 a)
2207 1063 2338 1126 ani,

417 1187 564 1227 mus
597 1164 688 1225 ,ad
733 1164 976 1227 Christi
1021 1164 1323 1247 patientis
1383 1178 1451 1226 et
1495 1184 1565 1224 se
1611 1163 1759 1223 Deo
1802 1154 1984 1217 Patri
2027 1154 2095 1215 in
2138 1170 2336 1215 cruce

421 1265 491 1316 et
526 1250 674 1314 heic
710 1250 1053 1314 incruento
1087 1252 1281 1314 modo
1316 1248 1678 1322 offerentis,
1715 1259 1783 1308 et
1813 1242 1892 1305 ad
1914 1240 2188 1303 similem
2226 1257 2342 1299 no·

425 1337 680 1401 strimet
723 1338 1115 1400 oblationem
1174 1360 1320 1402 cum
1375 1339 1520 1421 ipso
1575 1356 1704 1404 nos
1754 1327 2081 1393 invitantis
2127 1346 2348 1390 exem-

421 1426 604 1510 plum
649 1437 716 1487 et
755 1425 1156 1489 voluntatem
1200 1425 1447 1487 animus
1489 1418 1961 1490 advertendus,
2016 1429 2210 1497 atque
2253 1411 2343 1473 ita

419 1533 549 1596 per
603 1527 885 1574 sanctam
946 1510 1374 1574 intentionem
1429 1507 1785 1592 parandus;
1850 1500 2123 1564 subinde
2178 1495 2247 1578 b)
2295 1517 2341 1557 a

425 1601 685 1661 missae
719 1602 923 1661 initio
964 1617 1109 1661 cum
1149 1596 1498 1661 sacerdote
1541 1615 1669 1677 ¹per
1708 1587 2187 1655 contessionem
2226 1582 2340 1643 do-

420 1684 764 1769 loremque
805 1683 887 1747 de
925 1686 1210 1767 peccatis
1249 1685 1494 1747 animus
1531 1676 1998 1746 humiliandus,
2061 1689 2344 1755 purgan-

420 1771 543 1832 dus
575 1785 642 1834 et
677 1792 799 1854 per
831 1771 1150 1833 sanctiora
1185 1770 1522 1852 proposita
1554 1770 1704 1840 Deo
1742 1760 2122 1834 sacrandus3
2162 1770 2341 1839 post·

417 1858 542 1921 hac
577 1857 636 1940 c)
673 1879 797 1940 per
833 1858 1151 1920 canticum
1173 1857 1422 1921 Gloria
1457 1861 1531 1917 in
1570 1852 1872 1917 exeelsis
1904 1846 2095 1911 coelo
2132 1858 2339 1906 terra-

421 1965 549 2027 que
603 1944 684 2016 ad
724 1945 854 2007 Dei
891 1945 1336 2007 adorationem
1379 1939 1665 2003 invitatis
1705 1940 1889 1999 Deus
1934 1928 2339 2001 adorandus,

420 2031 817 2105 laudandus,
864 2053 986 2113 per
1020 2032 1372 2115 gratiarum
1404 2026 1731 2091 actionem
1770 2016 2337 2093 honorificandus3

423 2119 491 2199 d)
515 2121 606 2179 ad
629 2118 967 2200 epistolae
998 2117 1471 2201 evangeliique
1495 2112 1844 2175 lectionem
1882 2107 2159 2171 excitata
2189 2102 2341 2166 viva

417 2204 548 2268 fide
589 2204 877 2289 actisque
916 2205 1060 2266 Deo
1106 2224 1226 2286 pro
1266 2201 1562 2263 doctrina
1604 2195 1881 2261 coelesti
1922 2192 2145 2277 gratiis
2183 2208 2341 2272 pro-

415 2290 721 2375 positum,
762 2291 1117 2353 secundum
1141 2311 1279 2352 eam
1304 2286 1665 2349 doctrinam
1703 2282 1983 2355 vivendi,
2020 2296 2341 2358 renovan-

418 2380 570 2442 dum
606 2381 882 2462 Deoque
922 2375 1532 2441 commendandumz
1580 2374 1644 2460 e)
1683 2374 1767 2435 ab
1811 2366 2160 2452 offertorio
2200 2374 2341 2422 tum

417 2465 626 2529 divini
684 2466 872 2545 hujus
938 2461 1234 2525 sacrificii
1307 2460 1665 2523 secundum
1730 2475 1955 2519 omnes
2015 2450 2178 2512 fines
2247 2447 2336 2525 (S,

414 2551 636 2639 279),
696 2566 835 2629 turn
887 2551 1230 2612 nostrimet
1288 2569 1414 2630 per
1477 2561 1655 2607 actus
1711 2566 1861 2603 mox
1907 2541 2115 2601 dictos
2163 2534 2341 2598 obla-

419 2641 518 2711 tio,
558 2637 887 2714 facienda3
949 2637 1002 2718 f)
1043 2637 1170 2698 sub
1213 2635 1479 2715 duplici
1514 2642 1844 2692 memento
1885 2647 2006 2706 pro
2055 2623 2228 2690 vivis.
2264 2633 2336 2684 et

419 2746 543 2810 pro
589 2725 913 2786 defunctis
959 2722 1087 2785 Dei
1131 2719 1500 2796 clementia*
1527 2736 1646 2797 per
1686 2712 2015 2774 Christum
2060 2728 2335 2771 exoran-

420 2811 544 2890 do3
608 2811 919 2893 deinceps
959 2812 1026 2893 g)
1069 2812 1381 2870 oratione
1419 2804 1764 2865 dominica
1802 2819 1946 2858 cum
1987 2794 2331 2858 sacerdote

416 2898 709 2984 piissimo
745 2918 888 2960 cum
927 2896 1170 2959 affectu
1210 2893 1412 2969 dicta,
1461 2901 1529 2949 et
1563 2885 1895 2958 excitatis),
1942 2882 2053 2966 qui
2093 2881 2332 2944 missae

416 2985 758 3071 precibus:
809 2983 1063 3066 Agnus
1086 2982 1223 3042 Dei
1259 2993 1324 3040 ct
1347 2977 1643 3038 Domine
1680 2992 1815 3033 non
1855 2991 2009 3032 sum
2049 2971 2332 3053 dignus,

416 3070 820 3156 reliquisque
863 3067 1342 3151 respondeant,
1401 3061 1527 3145 piis
1566 3058 1813 3119 actibus
1855 3051 2337 3116 affectionibus-

416 3181 577 3244 que,
620 3171 926 3240 sequatur
956 3155 1021 3236 h)
1059 3152 1447 3215 communio
1484 3146 1730 3213 saltem
1767 3139 2160 3223 spiritualis
2198 3156 2335 3197 mo*

419 3247 506 3307 do
552 3245 824 3328 antehac
875 3242 955 3321 (§.
1005 3237 1177 3325 279.)
1226 3235 1523 3317 exposito
1569 3227 1901 3302 facienda3
1972 3226 2233 3288 demum
2277 3221 2330 3303 i)

418 3346 570 3416 post
615 3331 961 3414 gratiarum
1009 3327 1328 3387 actionem
1391 3334 1705 3382 renovato
1755 3315 1926 3375 diem
1971 3313 2145 3380 hunc
2192 3331 2334 3372 san—
2423 3366 2428 3373 ⁴

419 3421 584 3481 ctius
622 3417 857 3501 agendi
894 3410 1228 3497 proposito
1266 3409 1395 3470 Dei
1431 3408 1636 3491 gratia
1676 3423 1749 3465 ac
1791 3400 2167 3469 benedictio
2206 3418 2330 3479 per

419 3504 660 3567 Christi
712 3503 939 3565 merita
997 3495 1298 3581 petenda.
1353 3530 1439 3551 -ι-
1486 3491 1636 3583 Quo
1694 3489 2009 3560 similive,
2073 3484 2333 3571 qualem

415 3592 710 3656 melioris
749 3602 937 3651 notae
978 3585 1188 3646 libelli
1226 3581 1575 3665 precatorii
1612 3575 2132 3645 subministrant,
2193 3589 2331 3628 mo-

417 3679 505 3741 do
545 3677 836 3738 instituta
881 3671 1211 3755 sacrificii
1238 3669 1725 3754 frequentatio
1776 3663 2110 3723 enimvero
2155 3655 2332 3715 inter

413 3766 625 3849 prima
670 3764 838 3826 vitae
901 3757 1241 3820 sanctioris
1302 3752 1584 3816 subsidia
1631 3745 1956 3811 numerari
2000 3757 2329 3814 meretur,

415 3851 824 3936 proindeque
860 3866 991 3907 non
1028 3843 1256 3905 diebus
1288 3842 1502 3903 solum
1534 3835 1785 3903 festivis
1808 3878 1823 3908 ,
1872 3830 1986 3893 sed
2023 3841 2331 3910 quantum

415 3959 540 4021 per
575 3937 836 4020 negotia
871 3932 1121 4014 aliaque
1158 3928 1349 4002 licet,
1396 3924 1627 4009 quovis
1663 3922 1769 3984 die
1810 3915 2164 3981 omittenda
2195 3933 2331 3975 non

417 4039 518 4095 cst
553 4024 630 4087 ab
671 4044 784 4100 eo,
848 4018 962 4112 qui
997 4017 1300 4085 virtutem
1337 4012 1794 4099 Christumque
1835 4006 2091 4076 sincere
2133 4014 2326 4070 amat.
