2846 4770
520 353 652 439 378
672 354 1087 440 Aphon'smi
1100 352 1414 431 ascetici,
1434 370 1607 430 mor.
1623 344 2192 442 prudentialesqu
2200 366 2257 412 e.
2279 343 2459 442 Soet.
2474 352 2630 419 ΙΙΙ.

693 546 896 591 onera
919 567 938 600 ,
995 544 1159 611 quae
1207 521 1415 609 digito
1474 540 1595 586 suo
1635 520 1868 583 nolunt
1908 519 2178 585 movere
2216 517 2329 607 6)?
2392 523 2464 608 5)
2514 528 2633 590 In-

691 614 775 678 de
835 611 987 673 mali
1033 611 1256 696 origo,
1319 624 1428 674 aut
1483 608 1624 693 ejus
1683 605 2322 709 pertinacia,·quod
2378 611 2668 697 leges,-

691 698 1000 774 consilia‚
1059 696 1299 760 monita
1358 696 1470 783 qui
1528 695 1720 772 dent,
1781 696 1908 759 sint
1951 692 2258 778 plurimi,
2322 695 2622 765 factores

664 786 903 871 legis,
947 785 1058 869 qui
1090 783 1393 868 exemplo
1437 784 1749 858 doceant,
1791 780 2188 866 paucissimi.

605 893 1069 983 **)‚Pr0fecto
1107 895 1349 979 absque
1388 892 1640 955 cultura
1663 891 1920 955 interna
1954 891 2248 955 exterior
2279 893 2410 956 erit
2429 916 2624 979 pror-

692 1003 800 1044 sus
833 980 1209 1043 mechanica
1260 994 1326 1044 et
1362 979 1756 1042 inconstans.
1836 978 1909 1039 ld
1938 978 2199 1063 quidem
2240 994 2307 1042 et
2344 980 2413 1041 in
2460 1004 2618 1065 pro·

691 1069 834 1156 pria
895 1081 964 1131 et
1006 1068 1072 1129 in
1132 1066 1341 1130 aliena
1397 1066 1651 1129 cultura
1709 1066 1940 1127 morali
1985 1080 2176 1149 patet.
2242 1070 2318 1128 In
2361 1069 2625 1134 cultura

689 1169 902 1218 autem
962 1168 1161 1218 status
1206 1153 1464 1217 externi
1529 1153 1805 1216 aliorum
1871 1166 2003 1215 tum
2050 1154 2259 1216 solum
2305 1158 2619 1240 exceptio

686 1242 879 1304 habet
922 1241 1176 1315 locum,
1235 1240 1290 1302 si
1333 1239 1467 1314 illi,
1530 1261 1696 1326 quos
1741 1238 2138 1304 excolendos
2184 1242 2622 1325 suscipimus,
2676 1263 2684 1273 ·

686 1342 903 1389 mente
970 1348 1103 1389 non
1163 1327 1383 1392 valent
1422 1324 1505 1410 7).
1582 1326 1792 1412 Igitur
1848 1327 2052 1391 veluti
2091 1348 2145 1388 ·a
2188 1331 2622 1393 mente-alie·

687 1435 809 1477 nos
853 1428 1087 1477 tractat
1130 1413 1290 1478 alios
1333 1414 1390 1477 is
1411 1435 1440 1490 ‚¹
1474 1414 1585 1498 qui
1630 1413 1904 1478 meliora
1946 1435 2079 1477 non
2115 1414 2347 1492 docet,
2391 1416 2514 1480 sed
2550 1416 2619 1482 vi

685 1516 959 1566 externa
990 1501 1296 1564 duntaxat
1326 1513 1697 1585 extorquet.

602 1608 745 1695 ***)
791 1613 891 1674 Ne
927 1609 1194 1674 antehac
1233 1608 1405 1672 dicta
1436 1623 1744 1693 repetere
1799 1608 1883 1671 sit
1912 1629 2230 1685 necesse,
2275 1597 2416 1671 tum
2462 1609 2619 1675 cita-

686 1713 788 1760 tos
832 1698 1317 1783 paragraphus,
1362 1712 1497 1759 tum
1544 1717 1656 1772 ea,
1703 1715 1868 1781 quae
1913 1695 1982 1757 in
2027 1695 2241 1760 ethica
2284 1699 2621 1761 communi

690 1784 774 1848 de
809 1783 1047 1848 officiis
1090 1797 1250 1869 erga
1289 1805 1359 1847 se
1403 1800 1474 1847 et
1507 1783 1670 1845 alios
1711 1783 1986 1845 diximus
2010 1826 2027 1858 ‚
2072 1784 2380 1851 recolere
2425 1800 2651 1871 pote-.

680 1871 807 1949 rit,
853 1874 964 1958 qni
998 1873 1174 1939 volet
1215 1885 1326 1935 aut
1358 1871 1802 1936 necessarium
1834 1870 2099 1955 putarit.

1078 2314 2052 2379 ARTICULUsn.

564 2439 972 2499 APHORISMI
1010 2443 1361 2501 MORALES
1399 2444 1498 2496 AD
1539 2442 1925 2500 PROPRIAM
1960 2441 2549 2500 PERFECTIONEM

1309 2515 1836 2572 PERTINENTES.
2553 2580 2556 2583 Α

1437 2807 1498 2898 §.
1544 2836 1579 2898 7
1631 2829 1691 2877 2.

835 2936 897 3025 ι)
941 2941 1040 3005 De
1080 2836 1767 3028 culturafaoulffatis
1804 2940 2290 3024 cognoscendi·

510 3122 582 3225 J)
637 3084 1167 3202 Facultatem
1197 3128 1713 3228 cognoscendi
1755 3127 2201 3228 generatim,
2244 3142 2320 3199 et
2356 3124 2612 3224 quoad

482 3253 778 3305 ,omnes
819 3235 972 3329 ejus
1001 3249 1250 3331 partes
1288 3237 1597 3307 remotis
1638 3232 2195 3332 impedimentis
2219 3232 2610 3304 adhibitis-

522 3358 666 3429 que
722 3335 1072 3409 subsidiis
1126 3339 1267 3410 rite
1323 3365 1413 3412 eo
1451 3395 1471 3429 ‚
1543 3343 1691 3436 quo
1762 3337 2084 3409 diximus
2156 3333 2257 3435 (ἕ-
2314 3338 2468 3422 524
2505 3374 2607 3390 ·-··

517 3438 694 3512 332.
757 3440 954 3535 764.)
1025 3442 1299 3533 modo,
1380 3458 1601 3540 atque
1676 3439 2102 3514 facultatem
2172 3441 2610 3512 sensitivam
2679 3472 2685 3477 ⁴

521 3539 827 3639 quidem
905 3560 978 3616 et
1027 3546 1480 3619 inferiorem
1515 3572 1671 3620 non
1740 3545 1886 3618 nisi
1940 3542 2142 3617 salva
2195 3543 2607 3644 superioris

519 3644 806 3719 cultura
845 3649 1225 3747 perficit03
1280 3648 1480 3722 illius
1535 3668 1776 3723 autem
1836 3646 2117 3723 cultum
2156 3660 2610 3745 omnemque

518 3749 1008 3827 theoreticam
1063 3754 1570 3853 cognitionem
1629 3754 1721 3826 ad
1763 3755 2168 3853 practicam
2207 3750 2612 3828 moralem·

516 3880 660 3953 que
705 3856 1065 3932 culturam
1116 3859 1441 3959 dirigito.
1510 3860 1869 3961 Inprimis
1913 3858 2136 3960 igitur

601 4092 670 4174 6)
718 4096 816 4161 Cf.
857 4099 1075 4163 Matth.
1110 4098 1340 4158 xxm.
1375 4106 1434 4174 4.

596 4182 677 4267 7)
719 4181 816 4245 Cf.
853 4184 940 4250 B.
986 4184 1280 4251 Stattler
1317 4185 1359 4250 l.
1399 4204 1455 4257 c,
1492 4179 1553 4273 §-
1598 4206 1778 4273 1911.

2807 587 2812 648 ῑ
