2846 4770
562 375 682 427 122
874 363 985 427 De
1017 365 1275 453 officiis
1307 377 1653 434 certorum
1682 373 2015 428 statuum.
2056 360 2235 429 Stet.
2269 360 2330 424 1.

551 534 809 615 dinem
841 534 1210 611 habentur
1243 544 1309 630 a)
1339 538 1664 610 litaniae
1699 539 2031 637 majores
2062 535 2144 605 in
2176 532 2415 606 tribus
2444 552 2619 611 ante

549 640 1063 714 ascensionem
1112 640 1789 716 diebus-dicendae
1840 639 2081 712 etiarn*
2116 638 2468 737 privatim
2522 640 2616 714 ab
2708 712 2714 719 ,

542 733 680 839 iis,
741 745 870 843 qui
914 747 992 818 in
1033 744 1353 847 publicis
1412 739 2080 845 supplicationibus
2138 743 2267 813 eas'
2303 767 2458 815 non
2498 770 2617 818 re-

545 849 814 943 citant3
849 847 934 943 b)
965 846 1305 946 officium
1325 849 1882 949 defunctorum
1907 847 1982 917 in
2012 846 2133 919 die
2156 869 2616 922 commemo-

541 954 847 1025 rationis
885 948 1222 1027 omnium
1250 954 1582 1027 fidelium
1605 953 2122 1029 defunctorum
2153 951 2415 1022 eodem
2454 977 2613 1025 mo-

455 1059 462 1073 '
548 1055 647 1129 do
668 1057 1168 1154 recitandum3
1204 1058 1275 1155 c)
1293 1055 1736 1155 officiumB.
1760 1056 2016 1142 V.M.;
2052 1056 2226 1126 item
2244 1053 2614 1159 d)psalmi

535 1162 1129 1257 poenitentiales
1137 1162 1749 1260 gradualesque,
1776 1157 2034 1259 diebus
2051 1156 2429 1231 ferialibus
2450 1160 2611 1255 qui-

540 1263 854 1337 busdam
882 1265 1181 1341 dicendi
1209 1267 1284 1343 in
1306 1267 1574 1359 choro;
1616 1264 1710 1337 ad
1740 1272 1923 1364 quae
1951 1261 2097 1335 duo
2133 1262 2368 1334 officia
2401 1279 2614 1336 extra

542 1368 856 1441 chorum
897 1367 1266 1444 breviario
1309 1373 1642 1470 Romano
1691 1382 1979 1441 utentes
2024 1365 2221 1439 haud
2277 1364 2609 1466 obligan-

540 1488 701 1562 tur·‚
768 1473 922 1546 imo
977 1502 1117 1547 nec
1174 1474 1474 1548 recitari
1528 1466 1801 1546 'decent
1844 1474 1921 1543 in
1968 1471 2057 1542 iis
2103 1471 2477 1561 ecclesiis,
2528 1472 2609 1543 in

541 1574 808 1674 quibus
848 1593 1015 1650 ante
1054 1577 1331 1650 bullam
1362 1579 1474 1650 Pii
1498 1580 1583 1650 V.
1624 1604 1754 1675 usu
1792 1591 2088 1673 recepta
2119 1576 2318 1648 haud
2358 1594 2608 1673 erant3

541 1696 615 1753 et
649 1676 779 1761 fibi
814 1679 1186 1756 breviario
1228 1671 2021 1761 Romanoutebantur.

615 1853 678 1940 *)
725 1855 934 1939 Igitur
974 1855 1031 1939 ι)
1080 1873 1344 1940 peccat,
1388 1858 1502 1941 qui
1540 1856 1830 1919 officium
1867 1854 2054 1917 unius
2101 1853 2232 1916 diei
2272 1874 2417 1916 cum
2463 1852 2610 1916 offi-

701 1940 807 2004 cio
866 1942 1000 2005 diei
1057 1945 1323 2007 alterius
1383 1958 1750 2009 commutat.
1815 1943 1902 2004 At
1947 1940 2009 2022 2)
2057 1941 2112 2001 si
2156 1940 2260 2003 cui
2305 1939 2604 2003 inadver-

700 2040 922 2090 tenter
974 2029 1041 2091 id
1096 2030 1466 2113 contingat,
1531 2052 1830 2093 errorem
1875 2029 2218 2090 advertens
2264 2026 2344 2088 ad
2391 2041 2601 2091 totum

698 2111 987 2175 officium
1024 2117 1451 2200 repetendum
1493 2117 1812 2201 obligatus
1849 2115 2018 2177 haud
2061 2114 2354 2191 videtui-3
2403 2135 2603 2198 quum

698 2201 1076 2265 canonicum
1111 2202 1418 2273 officium,
1459 2217 1648 2289 atque
1683 2203 1769 2264 ita
1802 2202 1941 2265 fere
1976 2200 2412 2285 aequivalens,
2454 2221 2606 2284 per-

697 2287 991 2351 solverit.
1036 2290 1101 2371 5)
1149 2290 1279 2387 Qui
1314 2287 1601 2352 officium
1640 2289 2048 2361 recitaverat,
2096 2309 2152 2349 e.
2190 2309 2250 2371 g.
2294 2285 2424 2348 diei
2464 2308 2604 2351 cra-

696 2372 867 2436 stino
904 2375 1203 2450 affixum,
1250 2375 1566 2460 postridie
1589 2422 1604 2450 ‚
1651 2392 1722 2439 ut
1755 2376 2072 2438 ecclesiae
2105 2396 2175 2437 se
2214 2373 2604 2451 conformet,

695 2459 871 2523 idem
906 2479 1213 2546 repetere
1253 2477 1535 2529 tenetur.
1581 2464 1884 2526 Ceterum
1923 2466 1988 2544 4)
2033 2461 2312 2524 clericus
2352 2475 2462 2523 aut
2500 2483 2605 2524 re·-

694 2547 937 2629 gularia
998 2570 1277 2632 peregre
1336 2549 1558 2613 abiens
1616 2548 1969 2612 secundum
2014 2569 2166 2609 suae
2213 2546 2602 2611 dioeceseos

692 2633 801 2695 vel
857 2634 1104 2699 ordinis
1160 2636 1586 2702 directorium
1645 2633 1862 2698 officia
1906 2634 2097 2697 dicat.
2163 2631 2229 2713 5)
2282 2632 2413 2728 Qui
2458 2634 2600 2696 fora

687 2717 1081 2785 breviarium
1143 2724 1478 2807 proprium
1520 2744 1653 2785 non
1698 2722 1924 2795 habet,
1986 2741 2067 2782 ex
2114 2720 2322 2782 altero
2367 2722 2602 2784 recita-

690 2826 806 2880 re,
867 2825 1058 2894 atque
1102 2810 1188 2872 ita
1237 2824 1585 2893 praecepto
1632 2807 1843 2888 quoad
1907 2806 2319 2870 substantiam
2364 2807 2599 2870 saltem

691 2893 1065 2961 satisfacere
1129 2897 1477 2981 obligatur.
1545 2895 1610 2979 6)
1661 2894 1791 2990 Qui
1839 2914 2063 2955 omnes
2125 2894 2316 2953 horas
2362 2893 2593 2956 dicere

683 2983 949 3066 nequit,
1023 2999 1154 3058 tot,
1235 2999 1392 3069 quot
1452 2996 1701 3065 potest,
1787 2980 2066 3043 recitare
2136 2979 2367 3058 debet3
2449 3002 2598 3042 nam

687 3067 882 3130 etiam
923 3069 990 3131 in
1034 3086 1217 3153 parte
1258 3070 1423 3131 ratio
1465 3067 1632 3151 legis
1673 3066 1929 3152 expleri
1966 3066 2440 3152 quodammodo
2482 3087 2600 3151 po-

689 3153 868 3215 terit.
907 3153 1003 3239 ('§
1038 3166 1145 3243 94.
1185 3153 1279 3238 n.)
1584 3179 1588 3184 ·

567 3387 574 3396 .
608 3303 714 3390 *ἢ
758 3305 816 3391 1)
855 3311 1287 3377 Matutinum
1323 3312 1461 3375 sine
1492 3312 1788 3377 laudibus
1818 3313 1970 3377 olim
2013 3312 2302 3375 officium
2334 3325 2600 3375 noctur·

687 3414 879 3467 num,
946 3398 1193 3463 laudes
1241 3420 1401 3464 vero
1460 3398 1750 3462 officium
1805 3400 2180 3463 matutinum
2243 3399 2597 3464 constitue-

688 3478 874 3553 bant,
934 3496 1002 3544 et
1047 3479 1312 3563 primae
1354 3486 1569 3549 locum
1616 3487 2020 3571 supplebant.
2088 3489 2293 3546 Porro
2342 3484 2404 3567 2')
2447 3488 2591 3568 pri·

690 3588 864 3643 mae,
905 3572 1171 3645 tertiae,
1208 3586 1478 3650 sextae,
1519 3597 1738 3637 nonae
1761 3574 2017 3635 nomina
2038 3587 2300 3634 nostrae
2324 3584 2594 3647 sextae,

688 3672 910 3713 nonae
943 3652 1344 3736 matutinae,
1378 3659 1536 3721 item
1559 3663 1770 3722 horae
1792 3662 2236 3722 duodecimae
2257 3672 2323 3720 et
2346 3659 2599 3719 tertiae

680 3741 1195 3821 pomeridianae
1231 3742 1439 3807 ferme
1471 3746 1900 3829 respondere,
1941 3745 2147 3807 cuivis
2192 3745 2345 3805 satis
2368 3755 2595 3802 notum

685 3839 806 3886 θεῖ·
852 3824 917 3904 5)
958 3824 1285 3908 Officium
1325 3833 1412 3893 B.
1471 3839 1548 3898 V.
1586 3834 1695 3895 M.
1739 3854 1856 3896 seu
1897 3852 2155 3894 cursum
2191 3830 2591 3916 Marianum,

684 3924 758 3971 ut
801 3925 1070 3984 vocant,
1116 3913 1314 4007 aliqui
1359 3938 1442 3980 ex
1486 3919 1753 4002 speciali
1797 3933 2190 4004 praecepto,
2249 3918 2407 3980 item
2452 3912 2595 4000 qui-

686 3994 831 4057 dam
865 3998 1247 4081 pensionem
1278 4017 1347 4067 et
1373 4005 1624 4070 fructus
1655 4004 1975 4072 ecclesiae
2009 4005 2454 4093 percipientes
2487 4020 2595 4064 re·

698 4081 901 4148 citare
940 4084 1325 4170 obligantur.
1478 4133 1485 4137 -
1750 4127 1755 4128 ν
