2846 4770
367 452 372 459 ’
477 449 603 523 292
622 434 992 499 Deenrtst.
1027 438 1269 499 virtut.
1281 432 1859 517 perfectionisque
1877 432 2236 500 subsidiis.
2262 428 2443 500 Soet.
2461 431 2563 495 11.

481 609 578 683 de
605 605 1131 684 emendatione
1163 605 1357 678 vitae
1392 602 1739 700 solliciti3
1777 604 1901 676 illa
1927 602 2249 677 obtenta
2267 620 2342 676 et
2377 629 2560 704 pau-

478 713 585 787 cis
626 709 988 833 operibus·
1005 737 1061 789 a
1101 710 1555 784 confessario
1593 708 2068 809 praescriptis
2108 705 2352 782 obiter
2390 734 2562 808 per-

477 815 740 891 solutis
781 816 994 914 quasi
1030 815 1126 888 de
1172 811 1785 888 reconciliatione
1831 814 2047 912 plena
2089 814 2333 885 securi
2382 812 2563 886 reli-

479 947 626 1020 qua
681 920 931 993 omnia
984 916 1413 1020 negligunt3
1469 916 1774 989 demum
1826 919 1913 1007 6)
1959 917 2088 1015 qui
2144 916 2239 991 de
2294 917 2561 993 officiis

371 1042 378 1051 ’
475 1039 999 1127 potestateque
1056 1021 1492 1097 confessarii
1545 1020 1729 1093 falso
1784 1046 2086 1120 prorsus
2139 1020 2559 1117 judicantes

478 1137 552 1221 a)
606 1127 938 1202 studiose
997 1128 1489 1201 confessarios
1544 1122 2174 1224 indulgentioreS,
2233 1142 2355 1201 aut
2397 1126 2560 1199 offi-

478 1232 577 1307 cii
630 1233 743 1305 sui
793 1256 1058 1331 parum
1104 1234 1477 1305 studiosos
1535 1227 1870 1328 deligunt
1921 1231 2026 1328 (ἕ.
2074 1231 2246 1325 754.
2287 1257 2365 1305 n.
2401 1235 2562 1327 3);

472 1335 561 1428 b)
618 1354 744 1410 aut
794 1361 833 1406 a
887 1336 1326 1410 confessarii
1392 1331 1704 1407 arbitrio
1774 1331 2363 1427 absolutionem,
2436 1361 2567 1408 co·

476 1466 634 1514 ram
681 1445 846 1514 Deo
897 1438 1328 1533 valituram,
1383 1436 1717 1539 pendere
1763 1438 2065 1527 confisi,
2123 1464 2325 1532 eam,
2378 1436 2566 1513 licet

387 1606 398 1619 ,
480 1547 671 1645 juste
717 1543 1155 1642 denegatam
1209 1560 1335 1617 aut
1382 1540 1806 1631 dilatatam,
1876 1541 2098 1613 variis
2143 1544 2393 1618 modis
2436 1568 2567 1614 ex-

480 1665 833 1761 torquere
874 1664 948 1718 et
985 1647 1216 1722 veluti
1257 1646 1601 1720 suffurari
1646 1662 1956 1722 tentant.

565 1805 629 1898 ⁴⁵)
673 1806 736 1893 ι)
783 1809 928 1871 Etsi
972 1806 1252 1870 hominis
1293 1804 1640 1870 conversio
1684 1803 2016 1867 subitanea
2056 1805 2223 1867 haud
2271 1826 2416 1870 esse
2462 1827 2571 1868 so·

647 1895 817 1970 leat,
864 1894 982 1959 sed
1019 1895 1218 1977 vulgo
1253 1894 1624 1957 successive
1662 1904 1728 1953 et
1761 1913 1884 1974 per
1917 1891 2154 1977 gradus
2186 1891 2330 1957 fiat.
2375 1893 2441 1953 id
2475 1907 2573 1955 ta-

646 2003 798 2044 men
836 1982 918 2044 de
955 1981 1409 2064 peccatoribus
1446 1979 1683 2040 diutius
1719 1978 1783 2038 in
1823 1993 1987 2041 statu
2024 1981 2274 2062 peccati
2307 1983 2574 2042 immer-

650 2068 742 2129 s'is
783 2067 1058 2147 maxime
1105 2066 1627 2152 intelligendum.
1693 2069 1851 2126 Nam
1896 2065 1965 2148 ’2)
2013 2067 2067 2125 si
2112 2067 2318 2147 justus
2364 2080 2575 2129 tenta-

647 2155 843 2217 tionis
877 2155 1127 2237 impetu
1169 2154 1311 2215 fors
1355 2158 1423 2217 in
1470 2175 1669 2237 grave
1715 2156 2050 2233 peccatum
2087 2153 2302 2236 lapsus
2350 2153 2570 2216 statim

647 2240 1113 2324 poenitentiam
1161 2255 1345 2324 agat,
1407 2261 1552 2302 eum
1603 2239 1792 2300 citius
1853 2238 2042 2300 etiam
2102 2253 2168 2302 et
2213 2262 2362 2302 mox
2411 2261 2569 2302 con-

644 2330 820 2391 verti
876 2348 1070 2411 posse
1131 2326 1224 2387 nil
1283 2326 1516 2388 obstat.
1579 2324 1647 2408 5)
1696 2327 2119 2388 Peccatorum
2167 2343 2375 2390 autem
2426 2327 2570 2389 diu-

646 2413 777 2475 tius
824 2413 1109 2495 peccatis
1153 2413 1608 2475 immersorum
1664 2413 2133 2475 conversiones
2181 2417 2453 2477 subitae
2496 2428 2572 2477 et

643 2498 981 2582 perfectae
1028 2498 1231 2560 veluti
1280 2521 1546 2583 perrara
1590 2500 1658 2561 in
1717 2498 1958 2561 mundo
2002 2500 2232 2561 morali
2277 2500 2571 2582 phoeno-

644 2605 831 2648 mena
873 2585 1282 2669 suscipienda
1322 2601 1504 2660 sunt,
1550 2607 1675 2649 nec
1716 2586 2105 2649 adstruenda
2140 2586 2601 2649 admittenda-'-

640 2691 760 2743 ve‚
819 2670 946 2732 nisi
991 2694 1073 2735 ex
1119 2673 1498 2736 certissimis
1543 2671 1985 2756 poenitentiae
2032 2670 2356 2757 genuinae
2401 2672 2573 2735 indi·

646 2757 765 2821 ciis
804 2759 891 2845 (§·
934 2773 1075 2846 ¹²7·
1115 2759 1207 2846 n.)
1250 2759 1776 2845 comprobentur.
2624 2757 2631 2768 ¹

1389 2927 1452 3018 §.
1502 2929 1648 3018 758.

860 3059 1381 3125 Sacramentum
1420 3073 1775 3126 extremae
1810 3064 2180 3129 unctionis.

681 3218 1194 3295 Poenitentiae
1219 3218 1449 3295 veluti
1470 3221 2003 3297 consummatio
2024 3237 2134 3294 est
2152 3236 2572 3296 extremae

482 3328 864 3396 unctionis
911 3341 1538 3409 sacramentum,
1606 3350 1755 3424 quo
1814 3326 2569 3418 ChristusDominus

481 3425 912 3500 christianis
952 3428 1271 3525 graviter
1316 3428 1868 3530 aegrotantibus
1912 3430 2244 3502 succurri
2288 3428 2568 3503 voluit:

478 3556 654 3604 nam
706 3530 798 3602 iis
854 3556 992 3630 per
1035 3531 1469 3605 unctionem
1518 3531 1665 3606 olei
1715 3550 1789 3605 et
1829 3534 2243 3607 sacerdotis
2289 3536 2571 3607 oratio-

457 3660 654 3708 rnem
697 3633 1025 3708 conferri
1061 3638 1366 3732 gratiam
1408 3654 1483 3709 et
1517 3664 1577 3710 s.
1612 3636 1932 3710 Jacobus
1973 3639 2360 3738 conceptis
2404 3664 2571 3711 ver·

479 3736 598 3810 bis
649 3735 742 3830 7⁸)
791 3754 1141 3831 testatur,
1215 3755 1286 3813 et
1328 3767 1486 3814 non
1536 3741 1950 3840 interrupta
2005 3743 2258 3841 praxis
2306 3743 2568 3814 certis·-

481 3842 816 3941 simaque
876 3840 1234 3916 ecclesiae
1291 3846 1658 3921 sententia
1704 3846 1807 3943 79)
1850 3847 2261 3923 confirmat.
2338 3847 2568 3948 Cujus

482 3947 934 4020 sacramenti
976 3948 1324 4021 notandi·

471 4127 1058 4253 WV.
1103 4183 1199 4251 ¹4·
1238 4196 1380 4263 sqq.

557 4256 667 4345 79)
715 4256 961 4324 Concil.
997 4260 1178 4338 Trid.
1216 4283 1372 4335 sess.
1403 4263 1578 4340 XIV.
1615 4264 1696 4331 de
1733 4285 1895 4338 sacr.
1934 4279 2101 4331 extr.
2135 4279 2306 4332 unct.
2344 4289 2403 4332 c.
2445 4290 2497 4336 ι
