2846 4770
575 413 700 500 572
721 414 1139 498 Aphorismi
1149 415 1464 493 ascetici,
1486 433 1655 479 mor.
1669 410 2290 494 prudentialesque.
2314 407 2503 498 Sept.
2520 411 2679 475 ΙΙΙ.

586 604 661 663 et.
711 602 793 662 ut
845 584 1110 692 religio
1162 585 1242 660 in
1310 601 1557 660 cetera
1627 582 1870 657 officia
1936 598 2301 683 perpetuo
2354 580 2679 676 influat,

581 717 849 768 curare
909 689 1217 764 debebis
1260 693 1406 784 ⁴⁴).
1479 692 1611 782 111)
1659 690 1916 809 Neque
1972 705 2215 758 tamen
2272 684 2675 785 religionis

531 815 537 824 “
587 797 850 871 officiis
893 797 990 868 ita
1044 793 1382 886 vacabiS,
1454 811 1535 868 ut
1584 793 1852 864 ceteris
1899 791 2156 863 officiis
2204 809 2412 864 recto
2465 791 2679 864 ordi·

579 929 677 974 ne
727 898 1113 1001 explendis
1159 898 1541 998 quidpiam
1588 894 2018 968 detrahatur
2065 898 2478 991 (§.138.·)
2538 895 2674 968 sed

582 1004 662 1077 id
713 1031 1010 1104 semper
1053 1006 1292 1124 agitO,
1360 1018 1444 1075 ut
1477 999 1743 1099 religio
1790 1001 1877 1070 ad
1938 1016 2180 1071 cetera
2229 999 2470 1072 officia
2513 1026 2675 1073 cer-

582 1110 772 1201 tius,
844 1110 1211 1200 sanctiuS,
1281 1106 1685 1205 perfectius
1742 1103 2178 1200 exequenda
2236 1118 2309 1174 te
2365 1121 2676 1177 moveat

581 1217 770 1305 ⁸¹³⁸).
846 1213 1194 1284 Ceterum
1243 1210 1377 1297 IV)
1423 1211 1502 1281 in
1562 1206 1892 1306 qualibet
1955 1206 2365 1280 officiorum
2411 1210 2675 1308 specie

580 1313 710 1387 illa
758 1315 1103 1413 inprimis
1159 1330 1233 1386 et
1275 1330 1444 1386 ante
1501 1311 1784 1410 reliqua
1833 1311 2262 1411 diligentius
2301 1313 2678 1385 curatius·

583 1431 731 1518 que'
786 1444 1131 1492 exerceas
1201 1444 1606 1518 urgeas-que
1677 1432 1994 1515 oportet,
2032 1414 2309 1508 officia,
2386 1442 2431 1487 a
2486 1442 2677 1515 quo-

577 1549 746 1596 rum
820 1524 1357 1595 exercitatione
1428 1522 2041 1622 perfectioneque
2113 1536 2489 1592 certorum
2565 1522 2673 1594 of-

578 1627 919 1700 ficiorum
987 1628 1354 1727 perfectio
1422 1624 1727 1725 pendet.
1805 1626 1896 1714 V)
1954 1626 2040 1695 In
2098 1625 2360 1722 quovis
2419 1624 2669 1698 officio

581 1731 1030 1829 exequendo
1083 1739 1147 1824 a)
1194 1757 1330 1831 per
1367 1729 1738 1830 quosdam
1785 1724 2016 1799 veluti
2055 1728 2400 1824 graduS,
2478 1754 2675 1826 quos

574 1835 689 1906 rei
732 1851 993 1908 natura
1017 1835 1417 1954 designat,
1488 1832 1887 1950 procedito
1927 1832 2176 1926 ****);
2247 1832 2398 1904 imo
2445 1832 2536 1924 b)
2593 1836 2674 1905 in

573 1937 932 2014 universo
965 1939 1257 2012 virtutis
1293 1955 1365 2010 et
1411 1936 1895 2037 perfectionis
1928 1936 2373 2008 christianae
2411 1937 2668 2011 studio

574 2067 713 2141 per
766 2068 937 2122 suos
992 2044 1256 2116 itidem
1316 2043 1586 2140 gradus
1643 2060 1717 2115 et
1769 2037 2000 2114 veluti
2058 2039 2386 2112 diversas
2444 2042 2670 2113 semi·

571 2161 689 2217 tas
729 2148 1133 2221 ascendere
1174 2163 1528 2239 conator,
1586 2171 1725 2218 nec
1764 2171 1899 2244 per
1937 2142 2245 2234 saltum,
2304 2161 2380 2216 ut
2417 2147 2656 2242 ajunt,

575 2247 669 2323 ab
725 2250 998 2325 infimis
1055 2252 1148 2324 ad
1204 2276 1548 2350 suprema
1622 2249 2025 2320 ascendere
2082 2266 2361 2321 temere
2415 2268 2664 2323 tentes

572 2355 859 2445 *****).
928 2357 1059 2445 VJ)
1104 2354 1189 2426 Id
1243 2378 1672 2451 persuasum
1723 2350 2000 2425 habeto
2020 2409 2043 2445 ,
2123 2360 2188 2444 1)
2230 2378 2382 2426 non
2436 2355 2666 2426 inter-

575 2484 737 2530 esse
793 2459 1018 2547 tanti‚
1088 2456 1268 2554 quid
1325 2472 1872 2555 quantumque,
1943 2483 2159 2554 quam
2219 2484 2358 2555 qua
2416 2459 2661 2531 inten-

569 2561 818 2651 tione,
878 2588 1020 2659 qua
1075 2561 1540 2660 perfectione
1601 2587 1795 2659 agas,
1863 2562 2050 2633 Item
2108 2568 2187 2655 2)
2246 2588 2460 2656 eum,
2536 2564 2658 2661 qui

571 2662 653 2735 in
709 2663 822 2735 via
881 2665 1177 2738 virtutis
1233 2682 1388 2739 n'on
1441 2665 1794 2766 progredi
1847 2665 2153 2756 nititur,
2188 2738 2192 2743 ,
2228 2676 2654 2741 necessario

567 2768 872 2868 regredi
930 2775 1035 2866 (5.
1102 2768 1313 2867 148);
1390 2795 1601 2857 eum,
1676 2768 1804 2866 qui
1874 2772 2271 2841 continuae
2343 2771 2655 2870 abnega-

571 2872 766 2945 tioni
809 2897 958 2944 non
1001 2874 1292 2967 studet,
1346 2874 1420 2944 in
1468 2871 1743 2945 malum
1787 2873 1983 2944 trahi
2030 2879 2142 2970 (5
2189 2875 2356 2960 145.
2396 2903 2472 2952 n.
2513 2882 2646 2968 4).

572 2977 823 3065 Quare
865 2980 939 3066 3)
984 2976 1131 3050 hoc
1173 2978 1338 3049 viae
1379 2977 1473 3048 ad
1517 2978 1867 3050 virtutem
1918 2979 2447 3077 compendium
2493 3003 2651 3050 cre·

568 3070 769 3152 dito.
845 3080 935 3150 ad
987 3082 1296 3154 rationis
1369 3100 1446 3154 et
1514 3077 1917 3180 evangelii
1949 3081 2252 3154 ductum
2310 3081 2648 3154 hilariter

565 3182 1068 3281 fortiterque
1049 3187 1192 3285 ipsi
1231 3183 1428 3256 tibi
1410 3211 1720 3284 impera,
1759 3185 2065 3280 sustine,
2111 3186 2425 3279 abstine,
2467 3212 2647 3286 pug-

565 3302 807 3378 nato,
838 3287 1339 3362 incommodis
1380 3291 1812 3362 assuescito.

650 3463 714 3550 ²¹²)
762 3468 1026 3528 Rectus
1064 3465 1456 3546 officiarum
1496 3468 1691 3543 ord0‚
1735 3461 1804 3527 vi
1839 3461 2019 3546 cujus
2042 3484 2269 3526 eorum
2305 3465 2644 3557 quodlibet

740 3567 863 3630 pro
911 3547 1324 3630 obligationis
1372 3549 1575 3631 gradu
1623 3565 1688 3612 et
1731 3549 1963 3622 mode,
2025 3572 2147 3633 pro
2192 3549 2410 3613 finium
2459 3577 2643 3636 prae·

731 3633 995 3706 stantia,
1041 3655 1164 3716 pro
1199 3650 1663 3717 pemrsonarum
1703 3658 1859 3720 quas
1895 3657 1970 3697 ea
2007 3635 2224 3699 officia
2262 3638 2641 3719 respiciunt,

735 3720 1087 3803 dignitate,
1120 3724 1389 3796 merito,
1409 3723 1830 3824 indigentia,
1866 3724 2323 3802 conjunctione
2361 3727 2443 3806 (ς.
2474 3728 2638 3810 ι54.)

733 3828 889 3891 prae
925 3807 1165 3869 ceteris
1201 3809 1427 3892 urgeri
1467 3808 1892 3890 exercerique
1929 3809 2156 3883 debet,
2197 3812 2360 3873 alius
2395 3827 2498 3873 est
2531 3836 2637 3875 nc·

733 3897 1085 3955 ces-sarius
1104 3909 1170 3956 et
1188 3896 1707 3973 substantialis,
1744 3895 1854 3977 qui
1878 3895 2102 3956 violari
2124 3897 2247 3958 citi
2251 3921 2281 3958 a
2305 3916 2637 3980 peccatum

727 3977 987 4073 nequi13
1036 3979 1196 4041 alius
1244 3982 1697 4043 accidentalis
1742 3997 1807 4042 et
1852 3982 1927 4041 ad
1976 3983 2400 4066 perfectionis
2447 3988 2638 4067 majo-

727 4065 821 4124 ris
869 4065 1207 4127 consilium
1260 4066 1618 4149 pertinens
1681 4067 1767 4127 At
1812 4066 1984 4130 hune
2029 4070 2221 4134 etiam
2267 4086 2458 4135 caute
2509 4094 2638 4135 ser·

709 4146 938 4226 'vabit,
983 4153 1094 4234 qui
1132 4153 1388 4218 virtutis
1431 4167 1677 4215 amator
1711 4166 1829 4218 est.
