2846 4770
487 374 605 440 ιιι,
774 360 891 427 Dc
931 361 1198 448 officiis·
1221 368 1568 418 certorum
1608 365 1940 415 statuum.
1983 346 2166 413 Soet.
2202 344 2299 407 Ι..

541 573 557 583 .-
622 535 874 622 ficium
899 532 1211 593 divinum
1235 524 1806 592 ecclesiasticum,
1821 541 2108 602 pensum
2126 523 2563 597 canonicum,

647 619 1099 691 breviarium,
1135 614 1370 675 divina
1396 608 1819 692 psalmodia,
1849 605 2255 690 psallentia,
2279 630 2561 685 cursus,

647 706 957 785 orarium
995 714 1121 762 ειυς
1215 774 1222 779 .
1258 746 1265 751 -

565 835 668 916 W)
714 827 1037 916 Equidem
1070 824 1326 910 quidam
1365 821 1570 886 *editis
1619 820 1808 884 etiam
1842 819 2105 903 publice
2140 821 2402 904 scriptis
2446 843 2564 907 op·
2656 832 2661 839 ‘

650 930 868 981 tarunt
908 927 1385 1003 urseruntque,
1447 924 1518 972 ut
1575 906 1626 990 ι)
1691 906 2080 970 breviarium
2137 921 2246 970 aut
2292 931 2568 993 genera-

563 992 568 999 ’
658 1005 772 1067 tim
819 998 1235 1072 emendetur,
1298 1011 1405 1059 aut
1448 996 1515 1056 in
1559 994 1926 1056 breviorem
1988 994 2276 1057 vocalem
2325 1013 2572 1059 menta-

602 1120 608 1127 *
652 1090 917 1174 lemque
946 1085 1299 1149 orationem
1325 1128 1342 1158 ,
1386 1097 1495 1144 aut
1531 1081 1595 1141 in
1634 1080 1801 1164 piam
1843 1102 1896 1145 a.
1940 1080 2321 1162 scripturae
2345 1085 2574 1148 lectio·

656 1197 810 1239 nem
847 1193 922 1236 ac
962 1171 1443 1235 meditationem
1467 1212 1484 1243 ‚
1530 1181 1637 1230 aut
1677 1168 1738 1227 in
1793 1167 1948 1228 alias
1973 1168 2306 1240 ,ecclesiae
2361 1192 2434 1234 ac
2474 1195 2575 1234 sa-

659 1262 782 1327 luti
819 1260 1168 1327 animarum
1203 1257 1399 1323 utiles
1439 1255 1897 1337 occupationes
1931 1253 2126 1317 horas
2165 1254 2578 1341 dicendi-kob-

639 1349 887 1433 .ligatio
932 1345 1351 1423 immutetur3
1398 1343 1553 1405 item
1591 1347 1657 1422 2)
1713 1356 1785 1402 ut
1835 1340 2219 1423 praesertim
2275 1344 2399 1408 viri
2441 1346 2579 1415 ani-

515 1440 520 1443 ’
611 1455 909 1514 ⁶marum
945 1453 1097 1494 cura
1151 1430 1422 1513 aliisque
1479 1426 1937 1490 ecclesiasticis
1993 1425 2228 1492 officiis
2280 1431 2582 1515 occupati

666 1510 790 1609 p³ro
828 1519 908 1582 iis
954 1519 1177 1581 saltem
1227 1509 1456 1578 diebus
1504 1514 2073 1599 temporibusque,
2115 1514 2224 1576 ubi
2278 1517 2377 1577 his
2430 1518 2584 1580 offi-

666 1607 786 1669 ciis
840 1603 1310 1690 gravatifsuut,
1375 1617 1485 1663 aut
1534 1622 1803 1684 prorsus
1859 1616 1966 1663 aut
2013 1602 2241 1684 partim
2289 1625 2322 1664 a
2373 1625 2584 1686 penso

668 1691 984 1757 canonico
1023 1707 1145 1774 p‘er
1165 1690 1380 1772 legem
1409 1688 1752 1772 publicam,
1781 1687 2139 1748 utialicubi
2169 1687 2291 1770 jam
2315 1688 2599 1768 factum,

670 1778 1098 1844 e‘ximanturz.·
1138 1789 1413 1838 attamen
1473 1774 1539 1855 5)
1593 1795 1793 1858 quum
1839 1794 1964 1837 nec
2008 1795 2131 1856 per
2182 1775 2396 1859 legem
2444 1777 2589 1840 nni-

670 1864 1014 1938 versulam,
1058 1882 1183 1924 nec
1227 1883 1345 1943 per
1385 1860 1737 1943 legitimam
1771 1861 2304 1945 consuetudinem
2349 1863 2470 1926 hac
2513 1865 2585 1925 in

624 1972 744 2012 ‚re
812 1948 1135 2032 quidpiam
1196 1947 1596 2021 immutatum
1664 1967 1808 2008 esse
1858 1961 2149 2024 constet,
2208 1949 2336 2009 imo
2385 1973 2580 2033 quum

618 2072 624 2079 ·
661 2036 893 2118 plures
938 2031 1163 2095 clerici
1201 2032 1478 2095 maxime
1538 2033 1622 2093 ob
1669 2031 1952 2094 officium
2018 2035 2394 2113 canonicum
2441 2036 2584 2119 pin·

670 2121 782 2205 gui
816 2119 1200 2204 quandoque
1233 2117 1604 2201 praebenda
1639 2117 1975 2196 fruantur,
2018 2134 2124 2182 aut
2162 2121 2333 2182 aliud
2371 2124 2585 2186 eccle—

603 2209 607 2214 ’
665 2207 995 2270 ἐἰόειίοιιηι
1033 2203 1338 2289 piumque
1375 2204 1710 2290 negotium
1761 2227 2082 2291 peragere
2115 2208 2224 2270 vel
2259 2224 2589 2292 nequeant

670 2293 780 2359 vel
843 2292 1101 2365 nolint,
1170 2304 1439 2374 recepta
1505 2293 1999 2376 communisque.
2070 2293 2265 2356 horas
2329 2296 2595 2358 canoni-

674 2400 782 2443 cas
815 2377 1135 2442 recitandi
1172 2376 1521 2461 obligatio,
1558 2379 1922 2463 usquedum
1952 2380 2333 2446 auctoritate
2370 2383 2593 2452 eccle-‚

675 2466 928 2528 siastica
980 2464 1153 2526 aliud
1192 2477 1545 2540 statuatur,
1590 2466 1944 2548 persistere
1981 2468 2202 2551 utique
2257 2468 2590 2532 credenda

672 2566 867 2636 atque
906 2551 1290 2614 secundum
1351 2550 1787 2636 probatorum
1837 2567 2170 2636 auctorum
2229 2553 2593 2620 doctrinam

670 2637 1055 2720 exponenda
1088 2651 1211 2702 est.
1512 2661 1513 2664 ¹

1415 2818 1479 2907 §.
1524 2819 1672 2908 659.

854 2949 913 3036 ι)
966 2943 1291 3033 Origines
1325 2959 1398 3012 et
1429 2959 1708 3032 partes,
1734 2968 2232 3034 numerusque.

561 3179 562 3182 ,
601 3173 606 3178 .
703 3107 835 3196 ,Ad
856 3131 1163 3207 precum
1185 3130 1273 3180 ac
1295 3103 1671 3192 horarum
1690 3112 2243 3182 canonicarum
2264 3112 2601 3208 origines

514 3228 593 3287 et
624 3226 903 3310 partes
931 3209 1138 3310 'quod
1182 3207 1448 3280 attinet
1489 3214 1567 3303 1«)
1605 3235 1757 3302 eae,
1795 3212 2063 3310 quoad
2088 3211 2604 3285 substantiam

514 3330 945 3412 spectatae,
985 3329 1060 3386 et
1098 3335 1539 3411 quaxpreces
1580 3312 2120 3389 fidelibus¹fere
2165 3341 2605 3392 communes

520 3415 1101 3508 constituebant,
1139 3416 1624 3515 perantiquae
1647 3435 1842 3511 sunt,
1879 3420 2031 3492 imo
2058 3421 2200 3518 ipsi
2243 3420 2605 3494 ecclesiae
2665 3486 2674 3493 .

516 3521 939 3596 exordienti
976 3521 1185 3618 quasi
1217 3523 1741 3624 aeq<uales,*);
1781 3527 1851 3612 2)
1891 3523 2159 3623 quoad
2195 3550 2607 3622 argumen-

472 3668 482 3678 ·
510 3641 711 3710 tum,
732 3623 1038 3702 modum
1058 3622 1601 3724 ambitumque,
1633 3641 1706 3696 et
1730 3649 1867 3698 eas
1897 3627 2288 3701 recitandi
2311 3630 2607 3725 obliga-

517 3734 802 3803 tionem
842 3725 1039 3803 va'ria
1098 3726 1238 3798 fuit
1269 3724 1717 3812 seculorum
1748 3746 1822 3801 et
1858 3730 2340 3805 ecclesiarum
2379 3732 2607 3805 disci-

512 3831 722 3932 plina
758 3831 1381 3927 observantiaque
1417 3826 1567 3923 **).'
2106 3849 2107 3853 ’

579 3980 586 3991 “
604 3973 670 4068 J)
720 3975 916 4039 Certe
946 3976 1007 4061 ι)
1033 3967 1304 4060 vestigia
1332 3973 1644 4059 quaedam
1676 3975 1758 4058 de
1793 3976 2113 4038 communi
2132 3995 2389 4061 preces,
2423 3969 2608 4057 hymss

690 4083 812 4123 nos
839 4106 857 4134 ,
902 4063 1184 4146 psalmos
1237 4061 1498 4123 dicendi
1535 4062 2053 4147 decantandique
2107 4086 2329 4138 more,
2373 4065 2499 4145 jam
2536 4064 2611 4124 in

696 4168 750 4210 s.
800 4149 1490 4233 litterisjreparimusz
1534 4145 1596 4231 a)
1642 4147 1939 4213 Christus
1997 4153 2183 4216 dicto
2238 4156 2494 4236 hymno
2540 4149 2614 4210 in
