2846 4770
379 374 567 439 Gal.
604 373 771 461 Act.
799 372 862 440 ·1.
893 371 1016 438 -De,
1041 372 1132 444 N.
1164 375 1252 438 Ε.
1291 379 1747 443 sacramentis
1779 378 2185 461 generatim.
2215 369 2332 438 851

236 566 406 624 tuta
439 554 656 643 s'un't,
701 547 909 623 'item
954 549 1270 627 effectus
1306 564 1948 624 sacramentorum
1976 572 2342 650 quorum-

229 678 395 755 ·que
451 655 531 725 in
579 653 917 746 animum
947 656 1338 730 studiose·
1373 680 1817 729 revocemus
1872 669 1948 726 et
1998 653 2341 731 articula-

246 762 387 832 tim
441 758 1037 859 perpendamus}
1111 754 1189 853 b)
1249 777 1327 832 ut
1367 753 1474 834 'ad
1540 758 2338 834 nobilissimos'sacra-

243 884 676 937 mentorum
764 862 1072 939 effectus
1163 860 1692 966 percipiendos
1783 889 2008 937 omne
2099 851 2334 954 illud,

241 969 453 1068 quod
506 970 617 1040 rei
671 985 930 1042 natura
987 986 1062 1043 et
1103 970 1421 1070 dignitas
1481 971 1752 1070 exigit,
1823 984 1949 1041 aut
1994 966 2333 1040 Christus

241 1099 383 1173 per
408 1101 485 1147 se
527 1087 652 1145 aut
683 1071 1083 1147 ecclesiam
1110 1102 1313 1149 suam
1348 1075 1856 1175 praescripsit,
1897 1098 2337 1169 praepara-

242 1182 478 1250 tionis
509 1190 615 1250 ‘ac
657 1177 1172 1275 dispositionis
1204 1205 1455 1281 genas
1551 1202 1715 1252 uam
1764 1176 2334 1278 diligentissime

244 1281 773 1378 adhibeamus3
820 1290 886 1374 c)
928 1300 1007 1355 ut
1039 1286 1288 1384 gratiis
1328 1311 1461 1384 per
1496 1208 1802 1384 tdignam
1840 1298 2336 1359 sacramento·

239 1413 411 1459 rum
456 1389 973 1487 receptionem
1022 1390 1352 1489 acceptis
1391 1389 1490 1462 ad
1529 1415 1827 1463 morum
1859 1385 2355 1469 sanctitatem,

238 1492 841 1592 promovendam
882 1494 1024 1567 rite
1066 1510 1408 1581 utamur-0>-

324 1648 389 1736 *)
443 1648 502 1732 ι)
552 1649 682 1755 qui
739 1674 854 1716 sua
912 1652 1181 1738 propria
1237 1653 1428 1736 culpa
1488 1663 1962 1719 sacramentum
2019 1647 2332 1713 invalide

411 1738 675 1822 recipit,
717 1744 906 1803 om‘ni
941 1742 1093 1817 ejus
1111 1741 1790 1825 fructugffectuquc·
1823 1752 2040 1810 caret,
2080 1750 2148 1800 et
2181 1754 2337 1795 con-

408 1837 682 1888 temtum
741 1828 1047 1910 specialis
1112 1825 1317 1891 divini
1377 1821 1686 1888 beneficii
1745 1823 2059 1896 admittit,
2124 1819 2332 1884 divini

407 1912 807 1977 redemtoris
854 1916 1257 1980 voluntatem
1302 1933 1375 1976 ac
1421 1908 1959 1985 beneficentiam,
2023 1924 2333 1993 quantum

391 1999 481 2059 ‘in
521 1999 664 2084 ipso
702 2014 834 2076 est,
881 2003 1142 2083 irritam.
1168 2002 1557 2086 inanemque
1594 1998 1853 2075 reddit,
1898 2019 1973 2062 ac
2010 1998 2201 2081 proin
2240 1995 2335 2055 in-

308 2152 314 2160 ,
412 2086 617 2169 signis
655 2088 885 2171 culpae
926 2110 997 2152 se
1036 2111 1223 2152 reum
1258 2089 1434 2151 facit.
1485 2087 1793 2150 Ceterum
1835 2088 1902 2168 2)
1942 2096 2329 2154 sacramen-

415 2186 490 2234 ta
528 2188 963 2239 mortuorum
1006 2176 1240 2249 etiam,
1300 2189 1373 2238 ut
1418 2187 1688 2249 vocant,
1744 2173 2047 2256 baptismi
2094 2189 2330 2251 nempe

410 2272 480 2321 et
524 2260 1003 2342 poenitentiae,
1062 2262 1354 2348 quae'ad
1399 2262 1730 2333 hominem
1773 2282 1811 2322 a
1853 2259 2139 2344 peccatis
2182 2278 2335 2339 pur-

412 2347 691 2429 gandum
736 2349 1031 2430 proxime
1073 2350 1363 2413 instituta
1406 2348 1592 2422 sunt,
1651 2348 1956 2431 recipere
1999 2346 2161 2410 citra
2199 2345 2336 2428 pia·

413 2433 630 2495 culum
665 2436 911 2518 nequit,
941 2438 1068 2521 ,qui
1100 2460 1231 2499 non
1267 2438 1326 2520 a)
1350 2458 1470 2519 per
1503 2434 1702 2497 fidem
1735 2437 2083 2498 salutarem
2121 2454 2332 2516 spem-

410 2541 539 2604 que
594 2520 954 2583 in·Christi
1008 2524 1257 2588 meritis
1318 2517 1740 2604 conceptam3
1806 2524 1870 2600 b)
1919 2545 2043 2606 per
2086 2521 2331 2585 serium

410 2606 885 2692 efficacemque
933 2609 1015 2672 de'
1060 2609 1349 2693 peccatis
1397 2609 1700 2692 gravibus
1749 2608 2088 2685 dolorem3
2135 2623 2328 2691 atque

413 2693 476 2775 c)
514 2692 802 2770 firmunf,
850 2709 917 2757 et
952 2716 1096 2757 cum
1133 2696 1412 2779 quodam
1450 2694 1980 2777 praedominante
2022 2694 2332 2778 imperfe-

412 2795 553 2844 ctae
589 2782 816 2844 saltem
854 2782 1186 2845 charitatis
1224 2781 1470 2844 affectu
1495 2781 1783 2861 junctum
1821 2781 2181 2845 servandae
2221 2781 2333 2842 de·-

405 2867 637 2952 inceps
683 2868 1068 2932 christianae
1117 2869 1282 2953 legis
1328 2866 1735 2951 propositum
1775 2890 1845 2931 se
1890 2868 1968 2928 ad
2014 2869 2126 2928 ina
2164 2868 2330 2928 reci·
2377 2937 2379 2940 ¹

406 2955 647 3038 pienda
679 2956 1086 3038 praepararit
1122 2956 1204 3039 6).
1253 2954 1477 3050 Quare
1509 2952 1578 3037 5)
1614 2954 1819 3016 multo
1858 2954 2059 3037 magis
2092 2955 2147 3014 is
2186 2975 2331 3036 gra-

409 3042 615 3104 vioris
653 3064 724 3105 se
755 3044 986 3127 culpae
1021 3064 1208 3107 reum
1239 3041 1483 3118 reddit,
1524 3040 1636 3125 qui
1670 3054 2106 3103 sacramenta
2143 3044 2333 3102 vivo·

410 3141 604 3206 rum‘,
652 3128 724 3191 'ut
758 3145 1026 3205 vocant,
1073 3151 1191 3193 seu
1228 3130 1486 3214 reliqua
1530 3142 1794 3211 praeter
1834 3128 2217 3211 baptismum
2260 3140 2327 3187 et

405 3215 876 3296 poenitentiam
924 3230 1325 3280 sacramenta
1378 3213 1622 3298 recipit
1676 3214 1743 3274 in
1791 3228 1957 3276 statu
2003 3212 2325 3297 gravioris

302 3367 310 3374 ‚
408 3302 666 3383 peccati
702 3304 986 3386 positus,
1026 3304 1153 3367 nisi
1189 3302 1368 3387 prius
1407 3300 1819 3372 contritionis
1843 3345 1860 3376 ,
1897 3300 2204 3368 seu.3erii
2243 3299 2328 3367 de

406 3387 698 3470 peccatis
738 3390 989 3452 doloris
1031 3405 1245 3453 actum
1286 3390 1518 3452 saltem
1555 3388 1898 3461 elicuerit,
1962 3408 2035 3450 ao
2072 3385 2330 3448 firmum
2406 3391 2413 3396 “

404 3475 702 3539 melioris
743 3477 913 3541 vitae
957 3477 1367 3561 propositum
1405 3476 1619 3540 animo
1657 3489 2042 3556 conceptum
2092 3475 2337 3536 habuev.

405 3561 532 3624 rit:
594 3584 743 3623 nam
788 3556 1073 3652 hoc'qui
1117 3561 1524 3646 neglexerit,
1589 3560 1975 3625 sacramenti
2018 3560 2331 3624 effectum

406 3649 997 3733 impedit'remque
1061 3671 1309 3713 sacram
1363 3649 1814 3715 irreverenter
1857 3661 2106 3713 tractat.
2167 3649 2332 3707 Por·-
2406 3661 2411 3667 ·

405 3755 487 3794 ro
533 3734 600 3817 4)
648 3751 719 3799 ut
764 3735 844 3798 ad
889 3735 1079 3814 fidei,
1139 3737 1317 3820 spei,
1374 3739 1653 3812 amoris,
1713 3730 2167 3805 reverentiae,
2214 3732 2329 3793 hu-
2388 3755 2433 3818 J

407 3820 697 3885 militatis
743 3825 1036 3909 aliosque
1086 3824 1264 3905 pios,
1325 3825 1512 3909 queis
1551 3822 1633 3887 ad
1679 3834 2078 3885 sacramenta
2126 3816 2324 3903 digne

404 3910 785 3991 recipienda
848 3909 1289 3994 disponimur,
1351 3927 1532 3975 actus
1593 3910 2000 3980 excitemur,
2065 3906 2123 3987 a)
2176 3922 2324 3970 ante

403 3996 689 4077 cujusvis
748 3996 1138 4063 sacramenti
1195 3998 1679 4083 susceptionem
1745 3999 2008 4079 semper
2063 4008 2351 4084 praeeat...

237 4159 803 4190 b-—v———w-

315 4213 385 4297 6)
438 4213 685 4285 Concil.
710 4175 1010 4288 Trident.
1055 4244 1213 4293 sess.
1250 4225 1359 4295 VI.
1399 4243 1458 4287 c.
1497 4221 1559 4292 6.
1609 4282 1615 4288 .
1679 4201 1685 4214 ’
