2846 4770
423 428 493 493 C.
534 423 591 485 Ῑ.
625 425 787 489 Art.
827 426 951 491 IV.
992 427 1101 488 De
1137 402 1569 495 satit-amento
1600 427 2086 506 poenitentiae.
2177 421 2301 512 ὣς)

394 616 504 663 aut
542 598 622 660 de
659 592 1040 657 adhibendis
1074 609 1299 658 contra
1333 596 1657 680 relapsum
1694 592 2025 666 remediis,
2060 590 2297 661 nedum

390 688 474 750 de
514 682 811 747 delendis
846 685 1096 766 peccati
1129 682 1456 766 reliquiis,
1493 704 1616 746 nec
1647 683 1728 743 de
1755 679 2133 762 promeritis
2152 699 2304 760 poe-

394 775 501 835 nis
545 769 883 846 eluendis3
929 771 995 849 b)
1042 791 1165 832 nec
1212 769 1292 832 de
1342 788 1694 854 progressu
1735 768 1802 828 in
1849 767 2086 830 virtute
2133 765 2303 827 chri-

405 862 607 924 stiana
664 856 903 919 soliciti
960 871 1128 918 sunt.
1198 859 1352 916 Nam
1415 860 1479 939 2)
1545 878 1700 920 vere
1763 853 2178 936 poenitentes
2238 868 2345 921 et„

401 947 780 1011 satisfacere
827 943 1024 1024 digne
1072 944 1367 1005 volentes
1414 965 1536 1026 per
1589 962 1844 1013 omnem
1893 939 2080 1001 vitam
2124 960 2302 999 suam

404 1035 649 1098 debent
692 1032 758 1091 in
802 1030 870 1090 id
916 1030 1329 1104 incumbere,
1390 1045 1462 1091 ut
1494 1029 1552 1110 a)
1596 1052 1630 1090 a
1673 1029 1866 1089 licitis
1908 1025 2099 1089 etiam
2135 1045 2308 1087 com·

299 1205 308 1213 ⁶
396 1118 813 1184 meditatibus
878 1117 1512 1201 jucunditatibusque
1586 1114 1840 1197 saepius
1906 1110 2306 1186 abstineant3

398 1230 640 1293 eaque,
685 1205 751 1284 b)
794 1226 962 1289 quae
999 1206 1064 1265 in
1104 1203 1249 1264 illas
1285 1202 1787 1284 impendissent,
1845 1198 1911 1260 in
1951 1198 2313 1280 eleemosy-

399 1317 517 1359 nas
554 1309 621 1357 et
653 1291 1147 1353 misericordiae
1187 1310 1386 1373 opera
1422 1286 1837 1373 expendant,
1879 1299 1952 1348 ut
1991 1289 2052 1370 c)
2098 1285 2312 1347 omnia

399 1400 674 1467 prorsus
714 1377 970 1448 officia,
1021 1377 1175 1438 licet
1209 1377 1407 1437 ardua
1447 1388 1515 1437 et
1551 1373 1881 1446 difficilia,
1940 1393 2128 1457 quam
2166 1393 2311 1432 acu-

406 1467 727 1531 ratissime
765 1464 830 1525 in
870 1463 1101 1545 spiritu
1140 1461 1574 1544 poenitentiae
1611 1462 1951 1543 expleant3
2000 1472 2070 1520 ut
2103 1457 2169 1539 d)
2209 1457 2317 1517 ab·-

407 1552 744 1638 negationi
805 1549 1189 1612 christianae
1241 1544 1325 1632 (§
1371 1549 1512 1623 145.
1547 1569 1611 1607 n.
1653 1549 1744 1622 4.)
1792 1559 2115 1628 perpetuo
2163 1565 2317 1625 ope-

405 1665 543 1704 ram
584 1641 775 1715 dent3
838 1652 907 1698 ut
944 1639 1006 1719 e)
1048 1634 1475 1695 adversitates
1512 1631 1804 1715 quasvis,
1851 1629 2144 1712 inprimis
2182 1629 2317 1689 for·-

406 1744 474 1791 te
520 1749 601 1789 ex
646 1724 932 1808 peccatis
971 1733 1349 1785 consecutas
1394 1719 1622 1780 humili
1657 1738 1728 1778 ac
1770 1717 2146 1799 poenitente
2187 1716 2318 1775 ani·

411 1837 518 1876 mo
579 1824 956 1891 acceptent,
1021 1824 1088 1870 et
1148 1807 1610 1890 patientissime
1673 1803 1995 1878 tolerent3
2064 1802 2217 1863 item
2266 1796 2314 1878 f)

410 1904 621 1964 oblata
668 1899 860 1961 etiam
923 1897 999 1955 ab
1060 1892 1340 1956 ecclesia
1397 1891 1947 1972 indulgentiarum
2007 1888 2319 1950 beneficia

407 1989 670 2050 minime
706 1982 1075 2067 negligant.
1125 1981 1239 2042 secl
1276 2001 1395 2061 per
1429 1979 1684 2059 dignam
1722 1976 2214 2061 dispositionem
2251 1993 2320 2035 se

413 2097 634 2139 earum
673 2069 1023 2156 participes
1067 2068 1711 2130 redderestudeant.
2002 2064 2009 2071 ’

332 2235 438 2321 **)
479 2238 686 2298 Porro
713 2232 772 2314 1)
797 2227 1237 2311 indulgentia
1259 2224 1401 2286 heic
1427 2220 1818 2306 intelligitur
1847 2218 2146 2284 remissio
2170 2239 2323 2301 poe·

411 2343 534 2385 nae
570 2316 946 2402 temporalis
990 2334 1113 2397 pro
1162 2312 1444 2397 peccatis
1485 2309 1738 2372 debitae
1786 2331 1939 2371 vere
1991 2307 2326 2391 poeniten·

415 2410 588 2474 tibus
639 2406 723 2467 ob
758 2399 1021 2489 gravem
1065 2422 1319 2463 eausam
1357 2400 1435 2460 ab
1474 2398 1794 2459 ecclesiae
1836 2393 2138 2479 praelatis
2173 2414 2327 2455 con-

410 2517 613 2561 cessa.
674 2496 815 2555 Jam
866 2508 1023 2549 vero
1068 2493 1131 2557 ⁶2.)
1183 2508 1375 2569 quum
1422 2485 1866 2566 indulgentiae
1914 2481 2168 2543 nonnisi
2219 2479 2332 2539 ho·

415 2581 693 2645 minibus
759 2595 916 2640 vere
979 2571 1461 2651 poenitentibus
1508 2570 1799 2642 dentur,
1863 2570 2016 2631 ideo
2078 2567 2283 2629 solum
2310 2599 2328 2636 0

423 2681 729 2753 quantum
774 2664 841 2723 in
887 2659 1044 2743 ipsis
1091 2672 1225 2730 est,
1273 2658 1687 2737 satisfias-re
1724 2656 2202 2716 laborantibus
2244 2652 2332 2710 fa·-

422 2769 599 2819 vent.
663 2755 808 2813 Non
865 2746 1036 2810 enim
1092 2742 1537 2824 indulgentiae
1597 2742 1662 2798 in
1720 2733 2075 2799 fomentum
2126 2738 2332 2817 negli-

429 2839 722 2927 gentiae,
771 2836 887 2897 sed
926 2831 992 2891 in
1030 2831 1548 2912 supplementum
1590 2825 1899 2885 humanae
1942 2819 2330 2883 infirmitatis

427 2925 895 3003 conceduntur.
991 2918 1178 2981 Unde
1242 2914 1308 2998 5)
1379 2912 1846 2995 indulgentiam
1914 2907 2156 2970 lucrari
2226 2929 2334 2969 cu·

426 3035 614 3099 piens
650 3031 781 3071 non
820 3007 1015 3071 modo
1055 3003 1346 3069 animum*
1374 3022 1409 3062 a
1450 2996 1854 3084 gravioribus
1891 2994 2175 3077 peccatis
2211 3014 2335 3075 per

430 3096 898 3187 poenitentiam
923 3103 1348 3179 expurgatum
1381 3083 1643 3159 habeat,
1678 3097 1745 3145 et
1779 3102 1982 3165 opera
2017 3082 2336 3163 praescri·-

419 3203 537 3273 -pta
558 3197 846 3270 peragat,
886 3181 1001 3245 sed
1035 3177 1269 3242 efficax
1305 3174 1554 3244 saltem,
1593 3183 1897 3255 quantum
1933 3168 2000 3244 in
2035 3169 2179 3248 ipso
2215 3170 2337 3234 est,

429 3294 555 3359 per
595 3292 791 3353 opera
825 3269 927 3352 pia
964 3265 1416 3345 laboriosaque
1456 3259 1688 3341 dignos
1728 3254 2169 3341 poenitentiae
2206 3254 2341 3314 fru-

435 3376 576 3424 ctus
641 3354 924 3418 faciendi
961 3349 1381 3436 propositum
1445 3345 1712 3407 adferat.
1802 3341 1972 3403 Hinc
2035 3341 2100 3420 4)
2163 3339 2335 3402 bene

432 3465 685 3509 memor
730 3442 843 3515 sit,
889 3464 923 3502 a
969 3438 1261 3522 quolibet
1306 3455 1387 3498 ex
1430 3428 1873 3514 indulgentia,
1921 3449 2104 3513 quam
2146 3428 2352 3498 etiam,

433 3531 788 3617 plenariam
819 3527 1060 3598 dicunt,
1104 3541 1240 3585 non
1263 3524 1404 3583 nisi
1427 3520 2028 3602 proportionatam
2051 3536 2178 3574 suo
2193 3514 2342 3597 fer·

435 3620 926 3701 vorifructum
950 3632 1093 3676 esse
1117 3605 1599 3689 reportandum.
1651 3601 1934 3663 Proinde
1961 3600 2028 3680 5)
2055 3599 2217 3659 male
2243 3594 2344 3656 illi

440 3717 741 3786 arguunt,
763 3700 871 3784 qui
892 3713 1011 3782 per
1033 3694 1466 3777 indulgentias
1492 3688 1933 3772 poenitentem
1952 3709 1985 3747 a
2007 3683 2347 3766 poeniten·

436 3789 563 3852 tiae
588 3787 876 3859 fervore,
911 3797 1017 3847 aut
1037 3784 1112 3845 ab
1136 3780 1441 3862 operibus
1475 3773 1939 3843 satisfactoriis,
1977 3791 2138 3853 quae
2162 3767 2348 3850 pera-

446 3897 606 3961 gere
646 3876 850 3949 valet,
895 3884 1221 3935 exemtum
1257 3865 1649 3930 arbitrantur
1685 3867 1801 3943 77).
1849 3860 2090 3919 Errant
2131 3867 2348 3917 autem

310 4131 314 4143 ¹
358 4144 468 4230 77)
518 4141 617 4208 Cf.
666 4117 1243 4202 Schwarzhueber
1285 4128 1494 4216 prakt.
1554 4121 1721 4190 cath.
1769 4113 2354 4209 Religion'shandb'.

454 4228 565 4304 111.
607 4225 731 4287 Th.
776 4222 834 4298 §.
877 4219 1257 4296 215—221.
1748 4247 1750 4251 >
2156 4269 2159 4274 ⁴
2426 4214 2431 4228 '

396 4338 580 4424 Tom.
623 4333 763 4395 III.
811 4395 819 4400 ,
993 4340 1003 4347 ”
1165 4397 1166 4400 ¹
1646 4317 1703 4379 Τ
