2846 4770
193 387 262 452 C.
294 388 373 452 V.
394 383 574 450 Art.
600 378 670 443 I.
690 379 813 443 De
831 376 1383 464 obligationibus
1401 387 1763 469 imperant.
1781 401 1849 453 et
1866 388 2204 457 subditor.
2223 389 2305 459 52

194 560 352 634 finis
407 557 858 647 obtinetur,
926 552 989 625 si
1044 557 1515 651 imperantes
1568 576 1645 632 et
1693 561 1986 637 subditi
2035 570 2101 655 a)
2160 566 2309 638 suis

193 666 466 764 quique
513 658 809 759 officiis
846 657 1181 759 perfecte
1225 663 1727 763 satisfacient3
1784 683 1859 741 et
1890 666 1973 766 b)
1998 667 2314 769 juribus

191 774 347 843 suis
386 769 537 840 rite
581 780 889 839 utantur
927 760 1065 859 ss).

278 958 347 1044 *)
405 955 635 1050 Quum
677 952 872 1018 salus
912 955 1355 1038 spiritualis,
1392 957 1660 1023 moralis
1698 958 2138 1046 religioseque
2162 978 2314 1043 per-

371 1043 590 1107 fectio
636 1040 736 1104 vix
780 1038 1043 1126 quidem
1104 1042 1231 1103 nisi
1275 1044 1340 1106 in
1388 1045 1702 1111 societate
1764 1048 1845 1110 ad
1902 1069 2049 1112 eum
2109 1044 2316 1110 finem'

377 1129 680 1215 proxime
708 1126 1027 1190 destinata
1063 1126 1404 1209 (ecclesia)
1426 1158 1451 1208 ,·
1496 1147 1563 1195 et
1597 1149 1924 1197 externae
1956 1132 2310 1196 libertatis

392 1218 923 1295 securitatisque
951 1217 1156 1276 tuitio
1175 1236 1304 1277 nou
1341 1219 1549 1280 nisiin
1571 1219 1906 1293 societate,
1945 1238 2107 1304 quae
2137 1218 2310 1282 hunc

386 1300 578 1363 finem
613 1300 906 1384 proxime
953 1299 1292 1382 respiciat,
1337 1327 1573 1390 nempe
1618 1307 1684 1369 in
1720 1311 2022 1381 civitate,
2063 1304 2314 1369 obtine-

379 1390 441 1450 ri
489 1403 725 1472 queatz
777 1387 900 1449 hoc
946 1388 1089 1469 ipso
1135 1387 1474 1468 homines,
1521 1390 2063 1477 quemadmodum
2112 1391 2190 1453 ad
2235 1390 2312 1453 fi-

380 1497 531 1539 nem
570 1489 919 1558 utrumque
957 1477 1500 1554 consectandum,
1547 1483 1634 1543 ita
1679 1480 1759 1542 ad
1795 1481 1936 1560 ejus
1982 1478 2312 1557 medium,

384 1562 688 1623 nimirum
738 1561 819 1621 ad
866 1562 1147 1622 eandem
1194 1564 1559 1628 ecelesiam
1600 1579 1665 1629 et
1699 1569 2078 1642 civitatem,
2120 1580 2186 1627 et
2222 1563 2308 1629 sd

384 1649 723 1733 utriusque
762 1645 1092 1709 societatis
1134 1644 1352 1710 officia
1386 1651 1707 1733 explenda
1742 1650 2136 1732 obligantur.

310 1774 413 1860 **)
467 1775 526 1859 1)
555 1775 815 1838 Publica
845 1787 1136 1860 potestas
1177 1772 1238 1856 a)
1275 1777 1682 1858 legislativa
1704 1823 1725 1856 ,
1763 1773 1829 1858 b)
1861 1777 2307 1855 executor-ia,

392 1876 463 1925 et
527 1863 586 1945 c)
639 1863 1023 1940 judiciaria
1084 1863 1442 1944 generatim
1510 1865 1875 1947 imperium
1940 1860 2309 1924 coustituit:

386 1950 558 2035 quod
598 1968 712 2013 seu
759 1960 981 2010 totum
1005 1993 1024 2025 ,
1059 1968 1176 2009 seu
1202 1953 1458 2025 partim
1497 1970 1698 2033 penes
1734 1969 1922 2010 unam
1960 1968 2311 2031 personam

381 2050 493 2100 aut
535 2035 871 2120 physicam
911 2047 1025 2095 aut
1062 2034 1377 2098 moralem
1421 2038 1709 2107 existere
1759 2048 1979 2120 potest
2005 2033 2125 2118 ⁸0).
2170 2036 2310 2097 Nos

379 2125 445 2206 2)
481 2123 605 2207 hoc
651 2123 808 2185 loco
861 2140 1017 2194 eos,
1061 2141 1267 2204 penes
1322 2142 1489 2206 quos
1521 2123 1868 2206 imperium
1924 2135 2064 2197 est,
2111 2141 2314 2206 gene-

326 2260 332 2273 .
374 2210 565 2273 ratim
601 2213 1017 2292 imperantes
1050 2207 1493 2292 appellamus3
1535 2230 1687 2283 eos,
1733 2208 1847 2294 qui
1883 2221 1952 2270 et
1986 2222 2309 2292 quatenus

377 2297 532 2360 huic
576 2292 856 2382 imperio
915 2287 1223 2369 subsunt,
1283 2297 1604 2360 subditos
1668 2292 1964 2357 dicimus.
2028 2292 2310 2378 Reliqua

378 2383 461 2447 ad
521 2384 623 2466 jus
684 2378 1015 2467 publicum
1076 2380 1447 2446 universale
1509 2379 1916 2448 remittimus.
1973 2380 2189 2444 Porro
2234 2378 2306 2464 5)

374 2493 463 2534 ne
501 2471 736 2534 falcem
786 2467 856 2528 in
897 2467 1171 2530 alienam
1212 2490 1493 2532 messem
1546 2470 1908 2544 mittamus,
1952 2488 2168 2552 neque
2217 2481 2308 2531 ta-

378 2579 526 2622 men
592 2554 822 2619 summi
864 2556 1174 2618 momenti
1236 2555 1491 2631 officia,
1551 2579 1787 2642 nempe
1846 2556 2309 2639 imperantium

389 2643 914 2725 subditorumque
938 2641 1005 2702 in
1041 2643 1354 2706 societate
1388 2644 1566 2707 civili
1590 2665 1861 2727 prorsus
1898 2642 2311 2726 praetermit-

394 2743 620 2802 tamus,
651 2728 727 2791 de
759 2728 988 2809 quibus
1013 2729 1250 2811 religio
1279 2737 1539 2813 quoque
1563 2731 1910 2792 christiana
1943 2728 2310 2811 generatim

380 2814 730 2900 praecipit3
762 2816 1023 2877 strictim
1066 2817 1294 2876 saltem
1336 2816 1447 2875 illa
1488 2817 1899 2900 attingemus.
1932 2815 1998 2894 4)
2020 2816 2175 2876 Jura
2198 2837 2310 2876 au-

385 2916 519 2966 tem
557 2905 1037 2982 imperantium
1070 2900 1196 2959 alia
1232 2901 1505 2961 dicimus
1532 2905 1591 2981 a)
1631 2904 2104 2977 immanentiar,
2137 2918 2307 2981 quae

370 2989 696 3054 civitatem
749 2986 951 3070 ipsam
1029 2986 1300 3072 ejusque
1366 2985 1654 3046 membra
1713 2984 2107 3066 respiciunt3
2183 2984 2310 3047 alia

371 3075 444 3160 h)
481 3078 958 3152 transeuntia,
1006 3094 1171 3159 quae
1227 3072 1574 3136 societates
1612 3084 1871 3134 exteras
1917 3081 2049 3129 tum
2088 3066 2309 3150 politi-

377 3184 488 3226 cas
535 3177 666 3225 tum
710 3160 1188 3224 ecclesiasticas
1234 3175 1548 3244 spectant.
1615 3162 1776 3223 Item
1821 3157 1887 3243 5)
1936 3152 2154 3218 officia
2200 3176 2310 3221 ce-

370 3265 668 3313 terorum
705 3249 986 3310 civitatis
1032 3247 1472 3309 membrorum
1509 3248 1630 3322 alia
1685 3260 1833 3308 sunt
1871 3241 2106 3309 civium
2146 3265 2309 3329 quo-

377 3356 675 3421 rumque,
712 3336 772 3417 a)
810 3349 1117 3416 respectu
1162 3334 1242 3396 ad
1276 3335 1724 3417 imperantem,
1769 3330 2038 3418 patriam
2081 3345 2148 3393 et
2184 3346 2310 3395 sta-

375 3438 510 3486 tum
548 3421 882 3505 publicum
928 3421 1186 3494 habit03
1230 3421 1354 3483 alia
1390 3423 1457 3503 b)
1514 3421 1764 3484 ratione
1822 3434 2021 3484 status
2071 3418 2309 3502 privati

373 3525 444 3573 et
504 3509 891 3573 concivium.
955 3511 1232 3571 Demum
1277 3507 1350 3589 6)
1412 3506 1632 3570 officia
1691 3509 2193 3589 praecipuorum
2238 3504 2309 3566 in

372 3597 637 3663 civitate
677 3608 957 3657 statuum
995 3593 1301 3679 specialia
1339 3609 1793 3680 recensentur.

277 3929 391 4013 80)
445 3927 547 3993 Cf.
589 3924 749 3990 ibid.
798 3917 953 4015 p.1.
1003 3925 1061 4016 §.
1098 3921 1365 3995 (ἰν-15.
1415 3925 1577 3991 Item
1620 3926 1849 4002 Korn,
1896 3922 2309 4010 Metaphysilt

368 4016 493 4078 der
532 4016 782 4092 „Sittem
857 4021 905 4078 1.
953 4020 1078 4082 Th.
1124 4015 1559 4079 Rechtslehre
1624 4017 1707 4074 II.
1758 4014 1879 4077 Th.
1944 4016 2002 4093 §.
2053 4016 2155 4090 45.
2204 4036 2305 4099 sq⁴

365 4105 441 4166 C.
488 4103 571 4167 F.
635 4102 968 4168 Staudlin
1007 4103 1404 4167 Grundrisse
1450 4102 1574 4165 der
1616 4099 1923 4182 'Pugend-
1958 4102 2088 4165 und
2124 4102 2310 4166 Reti-

369 4187 613 4274 giousL
654 4187 720 4279 ᾗ.
760 4188 902 4274 189.

1588 4296 1836 4366 Di.
